@Article{Ambroise,
  author = 	 {C. Ambroise and M. Dang and G. Govaert },
  title = 	 {Clustering of spatial data by the {EM} algorithm },
  journal = 	 {Geostatistics for Environmental Applications}, 
  year = 	 {1996},
  OPTkey = 	 {},
  volume = 	 {},
  OPTnumber = 	 {},
  pages = 	 {493-504},
  OPTmonth = 	 {},
  OPTnote = 	 {},
  OPTannote = 	 {}
}
@Article{Luxburg,
  author = 	 {Ulrike von Luxburg },
  title = 	 {A {T}utorial on {S}pectral {C}lustering },
  journal = 	 {Statistics and Computing}, 
  year = 	 {2007},
  OPTkey = 	 {},
  volume = 	 {17},
  OPTnumber = 	 {4},
  pages = 	 {},
  OPTmonth = 	 {},
  OPTnote = 	 {},
  OPTannote = 	 {}
}
@Article{Ng_Jordan,
  author = 	 {Andrew Y. Ng and Michael I. Jordan and Yair Weiss },
  title = 	 {On {S}pectral {C}lustering: {A}nalysis and an algorithm },
  journal = 	 {In {NIPS}}, 
  year = 	 {2002},
  OPTkey = 	 {},
  volume = 	 {14},
  OPTnumber = 	 {},
  pages = 	 {},
  OPTmonth = 	 {},
  OPTnote = 	 {},
  OPTannote = 	 {}
}
@Article{stefanescu2009,
  author = 	 {E.R. Stefanescu and A.K. Patra and M. Bursik},
  title = 	 {Effect of Digital Elevation Models on geophysical flow model output},
  journal = 	 {To be submitted}, 
  year = 	 {},
  OPTkey = 	 {},
  volume = 	 {},
  OPTnumber = 	 {},
  pages = 	 {},
  OPTmonth = 	 {},
  OPTnote = 	 {},
  OPTannote = 	 {}
}
@Article{Ehlschlaeger,
  author = 	 {C.R. Ehlschlaeger and A.M. Shortridge and M.F. Goodchild},
  title = 	 {Visualizing spatial data uncertainty using animation},
  journal = 	 {Computers \& Geosciences}, 
  year = 	 {1997},
  OPTkey = 	 {},
  volume = 	 {23},
  OPTnumber = 	 {4},
  pages = 	 {387-395},
  OPTmonth = 	 {},
  OPTnote = 	 {},
  OPTannote = 	 {}
}

@Article{Bates2000,
  author = 	 {P.D. Bates and A.P.J. De Roo},
  title = 	 {A simple raster-based model for flood inundation simulation},
  journal = 	 {Journal of Hydrology},
  year = 	 {2000},
  OPTkey = 	 {},
  volume = 	 {236},
  OPTnumber = 	 {},
  pages = 	 {54-77},
  OPTmonth = 	 {},
  OPTnote = 	 {},
  OPTannote = 	 {}
}

@Article{Biswas2008,
  author = 	 {S. Biswas and S. Ahmad and M.K.I. Molla and K. Hirose and M. Nasser},
  title = 	 {Kolomogrov-Smirnov Test in Text-Dependent Automatic Speaker Identification},
  journal = 	 {Engineering Letter},
  year = 	 {2008},
  key = 	 {16:4 $EL\_16\_4\_01$},
  OPTvolume = 	 {},
  OPTnumber = 	 {},
  OPTpages = 	 {},
  OPTmonth = 	 {},
  OPTnote = 	 {},
  OPTannote = 	 {}
}

@Article{Zhang1994,
  author = 	 {W.H. Zhang and D.R. Montgomery},
  title = 	 {Digital elevation model grid size, landscape representation and hydrologic simulations},
  journal = 	 {Water Resources Research},
  year = 	 {1994},
  OPTkey = 	 {},
  volume = 	 {30},
  number = 	 {4},
  pages = 	 {1019-1028},
  OPTmonth = 	 {},
  OPTnote = 	 {},
  OPTannote = 	 {}
}



@Article{Wolock1994,
  author = 	 {D.M. Wolock and C.V. Price},
  title = 	 {Effects of digital elevation model map scale and data resolution on a topography-based watershed model},
  journal = 	 {Water Resources Research},
  year = 	 {1994},
  OPTkey = 	 {},
  volume = 	 {30},
  number = 	 {11},
  pages = 	 {3041-3052},
  OPTmonth = 	 {},
  OPTnote = 	 {},
  OPTannote = 	 {}
}


@Article{Chanbey2005,
  author = 	 {I. Chanbey and A.S. Cotter and T.A. Costello and T.S. Soerens},
  title = 	 {Effect of DEM data resolution on SWAT output uncertainty},
  journal = 	 {Hydrological Processes},
  year = 	 {2005},
  OPTkey = 	 {},
  volume = 	 {19},
  number = 	 {3},
  pages = 	 {621-628},
  OPTmonth = 	 {},
  OPTnote = 	 {},
  OPTannote = 	 {}
}


@Article{Zhang2008,
  author = 	 {J.X. Zhang and  K.T. Chang and J.Q. Wu},
  title = 	 {Effects of DEM resolution and source on soilerosion modelling: a case study using the WEPP model},
  journal = 	 {International Journal of Geographical Information Science},
  year = 	 {2008},
  OPTkey = 	 {},
  volume = 	 {22},
  number = 	 {8},
  pages = 	 {925-942},
  OPTmonth = 	 {},
  OPTnote = 	 {},
  OPTannote = 	 {}
}

@PhdThesis{Cochrane1999,
  author = 	 {T.A. Cochrane},
  title = 	 {Methodologies for watershed modeling with GIS and DEMs for the parametrization of the WEPP model},
  school = 	 {Purdue University},
  year = 	 {1999},
  OPTkey = 	 {},
  OPTtype = 	 {},
  OPTaddress = 	 {},
  OPTmonth = 	 {},
  OPTnote = 	 {},
  OPTannote = 	 {}
}


@Article{Mitasova1996,
  author = 	 {H. Mitasova and J.Hofierka and M. Zlocha and L.R. Iverson},
  title = 	 {Modeling topographic potential for errosion and deposition using GIS},
  journal = 	 {International Journal of Geographical Information Systems},
  year = 	 {1996},
  OPTkey = 	 {},
  volume = 	 {10},
  OPTnumber = 	 {},
  pages = 	 {629-641},
  OPTmonth = 	 {},
  OPTnote = 	 {},
  OPTannote = 	 {}
}


@Article{Desmet1997,
  author = 	 {P.J.J. Desmet and G. Grovers},
  title = 	 {Comment on Modeling topographic potential for erosion and deposition using GIS},
  journal = 	 {International Journal of Geographical Information Systems},
  year = 	 {1997},
  OPTkey = 	 {},
  volume = 	 {11},
  OPTnumber = 	 {},
  pages = 	 {603-610},
  OPTmonth = 	 {},
  OPTnote = 	 {},
  OPTannote = 	 {}
}



@Article{Wise2007,
  author = 	 {S.M. Wise},
  title = 	 {Effect of differing DEM creation methods on the results from a hydrological model},
  journal = 	 {Computers \& Geosciences},
  year = 	 {2007},
  OPTkey = 	 {},
  volume = 	 {33},
  number = 	 {1351-1365},
  OPTpages = 	 {},
  OPTmonth = 	 {},
  OPTnote = 	 {},
  OPTannote = 	 {}
}



@Article{Patra2005,
  author = 	 {A.K. Patra and A.C. Bauer and C.C. Nichita and E.B. Pitman and M.F. Sheridan 
and M. Bursik and B. Rupp and A. Webber and A.J. Stinton and L.M. Namikawa and C.S. Renschler },
  title = 	 {Parallel adaptive numerical simulation of dry avalanches over natural terrain},
  journal = 	 {Journal of Volcanology and Geothermal Research},
  year = 	 {2005},
  OPTkey = 	 {},
  volume = 	 {139},
  OPTnumber = 	 {},
  pages = 	 {1-21},
  OPTmonth = 	 {},
  OPTnote = 	 {},
  OPTannote = 	 {}
}


@TechReport{Farr2007,
  author = 	 {T.G. Farr and P.A. Rosen and E. Caro and R. Crippen and R. Duren and S. Hensley
and  M. Kobrick},
  title = 	 {The Shuttle Radar Topography Mission},
  institution =  {Jet Propulsion Laboratory},
  year = 	 {2007},
  OPTkey = 	 {},
  OPTtype = 	 {},
  OPTaddress = 	 {},
  OPTmonth = 	 {},
  OPTnote = 	 {},
  OPTannote = 	 {}
}



@Article{Abrams2000,
  author = 	 {M. Abrams},
  title = 	 {The Advanced Spaceborne Thermal Emission and Reflection Radiometer (ASTER):
Data Products for the High Spatial Resolution Imager on NASAs Terra Platform},
  journal = 	 {International Journal of Remote Sensing},
  year = 	 {2000},
  OPTkey = 	 {},
  volume = 	 {21},
  number = 	 {847-859},
  OPTpages = 	 {},
  OPTmonth = 	 {},
  OPTnote = 	 {},
  OPTannote = 	 {}
}


@Article{Fujisada2005,
  author = 	 {H. Fujisada and G.B. Bailey and G.G. Kelly and S. Hara and M.J. Abrams},
  title = 	 {ASTER DEM Performance},
  journal = 	 {IEEE Transactions on Geoscience and Remote Sensing},
  year = 	 {2005},
  OPTkey = 	 {},
  volume = 	 {43},
  number = 	 {12},
  OPTpages = 	 {},
  OPTmonth = 	 {},
  OPTnote = 	 {},
  OPTannote = 	 {}
}


@Article{Goncalves2004,
  author = 	 {J.A. Goncalves and A.M. Oliveira},
  title = 	 {Accuracy Analysis of DEMs derived from ASTER imagery},
  journal = 	 {ISPRS XX},
  year = 	 {2004},
  OPTkey = 	 {},
  OPTvolume = 	 {},
  OPTnumber = 	 {},
  OPTpages = 	 {},
  OPTmonth = 	 {},
  note = 	 {Istanbul, Turkey},
  OPTannote = 	 {}
}



@MastersThesis{Shaffer2006,
  author = 	 {W. J. Shaffer},
  title = 	 {Evaluation of the Shuttle Radar Topography Mission digital elevation model 
and application to the modeling of permanent deformation },
  school = 	 {State University of New York at Buffalo},
  year = 	 {2006},
  OPTkey = 	 {},
  OPTtype = 	 {},
  OPTaddress = 	 {},
  OPTmonth = 	 {},
  OPTnote = 	 {},
  OPTannote = 	 {}
}



@Article{Mouginis-Mark2005,
  author = 	 {P.J. Mouginis-Mark and H. Garbeil},
  title = 	 {Quality of TOPSAR topographic data for volcanology studies at Kilauea Volcano, 
Hawaii: An assessment using airborne lidar data},
  journal = 	 {Remote Sensing of Environment},
  year = 	 {2005},
  OPTkey = 	 {},
  volume = 	 {96},
  OPTnumber = 	 {},
  pages = 	 {149-164},
  OPTmonth = 	 {},
  OPTnote = 	 {},
  OPTannote = 	 {}
}



@Article{Hooper2003,
  author = 	 {D.M. Hooper and M.I. Bursik and F.H. Webb},
  title = 	 {Application of high-resolution, interferometric DEMs to geomorphic studies of fault scarps, Fish Lake Valley, Nevada-California, USA},
  journal = 	 {Remote Sensing of Environment},
  year = 	 {2003},
  OPTkey = 	 {},
  volume = 	 {84},
  number = 	 {2},
  pages = 	 {255-267},
  OPTmonth = 	 {},
  OPTnote = 	 {},
  OPTannote = 	 {}
}


@Book{Bailey1989,
  author = 	 {R.A. Bailey},
  OPTALTeditor = 	 {},
  title = 	 {Geologic Map of Long Valley Caldera, Mono-Inyo Craters
Volcanic Chain and Vicinity, Eastern California},
  publisher = 	 {Department of the Interior, Reston, VA (US)},
  year = 	 {1989},
  key = 	 {OSTI ID:5630570},
  OPTvolume = 	 {},
  OPTnumber = 	 {},
  OPTseries = 	 {},
  OPTaddress = 	 {},
  OPTedition = 	 {},
  OPTmonth = 	 {},
  OPTnote = 	 {},
  OPTannote = 	 {}
}



@MastersThesis{Burkett2007,
  author = 	 {S.M. Burkett},
  title = 	 {Geomorphic Mapping and Petrography of Mammoth Mountain,
California},
  school = 	 {State University of New York at Buffalo},
  year = 	 {2007},
  OPTkey = 	 {},
  OPTtype = 	 {},
  OPTaddress = 	 {},
  OPTmonth = 	 {},
  OPTnote = 	 {},
  OPTannote = 	 {}
}



@Article{Farrar1995,
  author = 	 {C.D. Farrar},
  title = 	 {Forest-killing diffuse $CO_2$ emission at Mammoth Mountain as a sign of 
magmatic unrest},
  journal = 	 {Nature},
  year = 	 {1995},
  OPTkey = 	 {},
  volume = 	 {376},
  OPTnumber = 	 {},
  pages = 	 {675},
  OPTmonth = 	 {},
  OPTnote = 	 {},
  OPTannote = 	 {}
}



@Article{Savage1989,
  author = 	 {S.B. Savage and K. Hutter},
  title = 	 {The motion of a finite mass of granular material down a rough incline},
  journal = 	 {Journal of Fluid Mechanics},
  year = 	 {1989},
  OPTkey = 	 {},
  volume = 	 {199},
  OPTnumber = 	 {},
  pages = 	 {177-215},
  OPTmonth = 	 {},
  OPTnote = 	 {},
  OPTannote = 	 {}
}



@Article{Takahashi2000,
  author = 	 {T. Takahashi and H. Tsujimoto},
  title = 	 {A mechanical model for Merapi-type pyroclastic flow},
  journal = 	 {Journal of Volcanology and Geothermal Research },
  year = 	 {2000},
  OPTkey = 	 {},
  volume = 	 {98},
  OPTnumber = 	 {},
  pages = 	 {91-115},
  OPTmonth = 	 {},
  OPTnote = 	 {},
  OPTannote = 	 {}
}




@Book{Lillesand2000,
  author = 	 {T.M. Lillesand and R.W. Keifer},
  OPTeditor = 	 {},
  title = 	 {Remote sensing and image interpretation},
  publisher = 	 {New York, NY: Wiley},
  year = 	 {2000},
  OPTkey = 	 {},
  OPTvolume = 	 {},
  OPTnumber = 	 {},
  OPTseries = 	 {},
  OPTaddress = 	 {},
  edition = 	 {4},
  OPTmonth = 	 {},
  OPTnote = 	 {},
  OPTannote = 	 {}
}

@Book{Legorreta2009,
  author = 	 {G.Legorreta-Paulin and M.I. Bursik},
  OPTALTeditor = 	 {},
  title = 	 {Assessment of Landslides Susceptibility},
  publisher = 	 {VDM and Co. KG, Saarbrucken, Germany},
  year = 	 {2009},
  OPTkey = 	 {},
  OPTvolume = 	 {},
  OPTnumber = 	 {},
  OPTseries = 	 {},
  OPTaddress = 	 {},
  OPTedition = 	 {},
  OPTmonth = 	 {},
  OPTnote = 	 {},
  OPTannote = 	 {}
}


@Article{Keith,
  author = 	 {K. Dalbey and A.K. Patra and E.B. Pitman and M.I. Bursik and M.F. Sheridan},
  title = 	 {Input uncertainty propagation methods and hazard mapping of geophysical mass flow},
  journal = 	 {Journal of Geophysical Research},
  year = 	 {2008},
  key = 	 {B05203},
  doi=           {10.1029/2006JB004471},
  volume = 	 {113},
  OPTnumber = 	 {},
  OPTpages = 	 {},
  OPTmonth = 	 {},
  OPTnote = 	 {},
  OPTannote = 	 {}
}


@Article{Galas2007,
  author = 	 {S. Galas and K. Dalbey and D. Kumar and A.K. Patra and M. Sheridan},
  title = 	 {Benchmarking TITAN2D mass flow model against a sand flow experiment and the 1903 Frank slide},
  journal = 	 {The 2007 International Forum on Landslide Disaster Management},
  year = 	 {2007},
  key = 	 {ISBN 978-962-7619-30-7},
  volume = 	 {Ho \& Li editors},
  OPTnumber = 	 {},
  OPTpages = 	 {},
  OPTmonth = 	 {},
  OPTnote = 	 {},
  OPTannote = 	 {}
}

@PhdThesis{Namikawa2006,
  author = 	 {L.M. Namikawa},
  title = 	 {Multiple represenatations of elevation for dynamic process modeling},
  school = 	 {University at Buffalo},
  year = 	 {2006},
  OPTkey = 	 {},
  OPTtype = 	 {},
  OPTaddress = 	 {},
  OPTmonth = 	 {},
  OPTnote = 	 {},
  OPTannote = 	 {}
}

@article{Denlinger2001,
   author = {R.P. Denlinger and R.M. Iverson},
    title = {Flow of variably fluidized granular masses across three-dimensional terrain 2. Numerical predictions and experimental tests},
  journal = {Journal of Geophysical Research},
     year = 2001,
   volume = 106,
    pages = {553-566},
      doi = {10.1029/2000JB900330},
   adsurl = {http://adsabs.harvard.edu/abs/2001JGR...106..553D},
  adsnote = {Provided by the Smithsonian/NASA Astrophysics Data System}
}




