@Article{ hanke:dfwudc,
	AUTHOR = "Author, A. and Author, B.",
	JOURNAL = "Some Journal",
	KEY = "ANDE",
	PAGES = "275-308",
	TITLE = "Random Thoughts",
	VOLUME = "9",
	YEAR = "1992"
}
@Article{blm1tutor,
    AUTHOR = "Goldstein, M.",
    JOURNAL = "Part 1 of 3 of online tutorial, website:",
    TITLE = "Bayes linear methods {I} adjusting beliefs: Concepts and properties",
    adsurl = {http://maths.dur.ac.uk/stats/bd},
    YEAR = "2007"		
}
@Article{kennedy2001bcc,
    AUTHOR = "Kennedy, M.C. and O'Hagan, A.",
    JOURNAL = "Journal of the Royal Statistical Society: Series B (Statistical
  Methodology",
    PAGES = "425--464",
    TITLE = "Bayesian calibration of computer models",
    VOLUME = "63",
    NUMBER= "3",
    YEAR = "2001"
}
@Article{ohagan2006bac,
    AUTHOR = "O'Hagan, A.",
    JOURNAL = "Reliability Engineering and System Safety    ",
    PAGES = "1290--1300",
    TITLE = "Bayesian analysis of computer code outputs: A tutorial",
    VOLUME = "91",
    NUMBER= "10-11",
    YEAR = "2006"
}
@InProceedings{stefanescu1,
	AUTHOR = "Stefanescu, E.R. and Bursik, M. and Patra, A.K.",
	BOOKTITLE = "submitted to Natural Hazards",
	TITLE = "Effect of digital elevation model on geophysical flow model output",
	YEAR = "2010"
}
@Article{ simpson1,
	AUTHOR = "Simpson, T.W and Poplinski, J.D. and Koch, P.N and Allen, J.K",
	JOURNAL = " Engineering with Computers",
	NUMBER = "2",
	TITLE = "Metamodels for Computer-based Engineering Design: Survey and recommendations",
	VOLUME = "17",
	YEAR = "2001"
}
@Article{simpson2 ,
	AUTHOR = "Clarke, S.M. and Griebsch, J.H. and Simpson, T.W.",
	JOURNAL = "Journal of Mechanical Design",
	PAGES = "1077-1088",
	TITLE = "Analysis of Support Vector Regression for Approximation of Complex Engineering Analyses",
	NUMBER="6",
	DOI="10.1115/1.1897403",
	VOLUME = "127",
	YEAR = "2005"
}
@Article{ dalbeythesis,
	AUTHOR = "Dalbey, K.",
	JOURNAL = "PhD thesis, Department of Mechanical and Aerospace Engineering,  University at Buffalo",
	TITLE = "Predictive Simulation and Model Based Hazard Maps of Geophysical Mass Flows",
	YEAR = "2009"
}
@Article{dalbeyjgr ,
	AUTHOR = "Dalbey, K. and Patra, A.K. and Pitman, E.B. and Bursik, M.I and Sheridan, M.F.",
	JOURNAL = "Journal od Geophysical Research",
	DOI="10.1029/2006JB004471",
	TITLE = "Input uncertainty propagation methods and hazard mapping of geophysical mass flows",
	VOLUME = "113",
	YEAR = "2006"
}
@Article{ Hubbard2007clh,
	AUTHOR = "Hubbard, B.E. and Sheridan, M.F. and ~Carrasco-N{\'u}{\~n}ez, G. and ~D{\'\i}az-Castell{\'o}n, R. and Rodr{\'\i}guez, S.R.",
	JOURNAL = "Journal of Volcanology and Geothermal Research",
	PAGES = "99-124",
	TITLE = "Comparative lahar hazard mapping at Volcan Citlalt{\'e}petl, {M}exico using {SRTM}, {ASTER} and {DTED}-1 digital topographic data",
	VOLUME = "160",
	YEAR = "2007"
}
@Article{dableyetalemulator ,
	AUTHOR = "Dalbey, K. and Jones, M. and Pitman, E.B. and Calder, E. and Bursik, M. and Patra, A.K.",
	JOURNAL = "submitted to Comp. Meth. App. Mech. and Eng.",
	TITLE = "Hazard Risk Analysis Using Computer Models of Physical Phenomena and Surrogate Statistical Models",
	YEAR="2010"
}
@Article{ bayarriusc,
	AUTHOR = "Bayarri, M.J. and Berger, J.O. and Calder,  E. and Dalbey, K. and Lunagomez,  S. and Patra, A.K. and Pitman, E.B. and Spiller, E.T.  and Wolper, R.L.",
	JOURNAL = "to appear Technometrics",
	TITLE = "Using statistical and computer models to quantify volcanic hazards",
	YEAR = "2010"
}
@Article{ContiOHagan ,
	AUTHOR = "Conti, S. and O'Hagan, A.",
	JOURNAL = "Research Report No. 569/07, Department of Probability and Statistics, University of Sheffield. Submitted to Journal of Statistical Planning and Inference",
	TITLE = "Bayesian emulation of complex multi-output and dynamic computer models",
	adsurl ="http://www.tonyohagan.co.uk/academic/ps/multioutput.ps",
	YEAR="2007"
}
@InBook{ Felix_Hebeler,
	AUTHOR = "Hebeler, F. and Purves, R.S.",
	CHAPTER = "Quality Aspects in spatial Data Mining",
	KEY = "BARS",
	PAGES = "175-196",
	PUBLISHER = "A.Stein, J.Shi $\&$W.Bijker, CRC Press, Boca Raton ",
	TITLE = "Modelling {DEM} data uncertainties for {M}onte {C}arlo {S}imulations of {I}ce {S}heet {M}odels",
	YEAR = "2008"
}

@InProceedings{ berry:teomowcihbsi,
	AUTHOR = "Author, A. and Author, C.",
	BOOKTITLE = "Proceedings of Random Thoughts PRT 2001",
	KEY = "BISW",
	PAGES = "591-595",
	TITLE = "Random by chance",
	YEAR = "1991"
}

@Article{Suzanne_Wechsler,
	AUTHOR = "Wechsler, S. and Kroll, C.",
	JOURNAL = "Photogrammetric Engineering $\&$ Remote Sensing",
	PAGES = "108-1090",
	TITLE = "Quantifying {DEM} Uncertainty and its effects on topographic parameters",
	VOLUME = "72",
	YEAR = "2006"
}
@Article{ Shearer_1990,
	AUTHOR = "Shearer, J.W.",
	JOURNAL = "In: Petrie, G., Kennie, T.J.M. (Eds.) Terrain Modelling in Surveying and Civil Engineering",
	PAGES = "315-336",
	TITLE = "The accuracy of digital terrain models",
	PUBLISHER = "Whittles: London",
	YEAR = "1990"
}
@Article{ Goodchild_1994,
	AUTHOR = "Goodchild, M.F. and Buttenfield, B.P. and Wood, J.",
	JOURNAL = "In: Hearshaw HM, Unwin DJ (eds) Visualisation in Geographic Information Systems",
	PAGES = "141-149",
	TITLE = "Introduction to visualizing data quality",
	YEAR = "1994"
}@Article{ Hunter_1995,
	AUTHOR = "Hunter, G.J. and Caetano, M. and Goodchild, M.F.",
	JOURNAL = "Journal of the Urban and Regional Information Systems Associations",
	PAGES = "11-21",
	TITLE = "A methodology for reporting uncertainty in spatial database products",
	VOLUME = "7",
	YEAR = "1995"
}@Article{Qihao_Weng,
	AUTHOR = "Weng, Q.",
	JOURNAL = "In: Advances in Spatial Data Handling",
	PUBLISHER = "edited by D. Richardson and P. van Oosterom, Spring-Verlang, New York",
	PAGES = "403-418",
	TITLE = "Quantifying uncertainty of digital elevation models derived from topographic maps",
	YEAR = "2002"
}
@Article{Fisher_1991,
	AUTHOR = "Fisher, P.F.",
	JOURNAL = "International Journal of Geographical Information Systems",
	PAGES = "193-208",
	TITLE = "Modeling soil Map-Unit Inclusions by Monte Carlo Simulation",
	VOLUME = "5",
	YEAR = "1991"
}
@Article{ Goodchild_1992,
	AUTHOR = "Goodchild, M.F. and Sun, G. and Yang, S.",
	JOURNAL = "International Journal of Geographical Informational Systems",
	PAGES = "87-104",
	TITLE = "Development and Test of an Error model for Categorical Data",
	VOLUME = "6",
	YEAR = "1992"
}
@InProceedings{ Ehlschlaeger_1996,
	AUTHOR = "Ehlschlaeger, C. and Shortridge, A",
	BOOKTITLE = "Proceedings of the International Symposium on Spatial Data Handling, Delf, Netherlands",
	PAGES = "9B.15-9B.25",
	TITLE = "Modeling Elevation Uncertainty in Geographical Analysis",
	YEAR = "1996"
}
@Article{ Hunter_Goodchild_1997,
	AUTHOR = "Hunter, G. and Goodchild, M.",
	JOURNAL = "Geographical Analysis",
	PAGES = "35-49",
	TITLE = "Modeling the Uncertainty of Slope and Aspect Estimates Derived From Spatial Databases",
	VOLUME = "1",
	YEAR = "1997"
}
@Article{ Amii_Darnell,
	AUTHOR = "Darnell, A.R. and Tate, N.J. and Brunsdon, C.",
	JOURNAL = "Computers, Environment and Urban Systems",
	PAGES = "268-277",
	TITLE = "Improving user assessment of error implications in digital elevation models ",
	VOLUME = "32",
	YEAR = "2008"
}
@Article{Bates2000,
  author = 	 {P.D. Bates and A.P.J. De Roo},
  title = 	 {A simple raster-based model for flood inundation simulation},
  journal = 	 {Journal of Hydrology},
  year = 	 {2000},
  OPTkey = 	 {},
  volume = 	 {236},
  OPTnumber = 	 {},
  pages = 	 {54-77},
  OPTmonth = 	 {},
  OPTnote = 	 {},
  OPTannote = 	 {}
}

@Article{Biswas2008,
  author = 	 {S. Biswas and S. Ahmad and M.K.I. Molla and K. Hirose and M. Nasser},
  title = 	 {Kolomogrov-Smirnov Test in Text-Dependent Automatic Speaker Identification},
  journal = 	 {Engineering Letter},
  year = 	 {2008},
  key = 	 {16:4 $EL\_16\_4\_01$},
  OPTvolume = 	 {},
  OPTnumber = 	 {},
  OPTpages = 	 {},
  OPTmonth = 	 {},
  OPTnote = 	 {},
  OPTannote = 	 {}
}

@Article{Zhang1994,
  author = 	 {W.H. Zhang and D.R. Montgomery},
  title = 	 {Digital elevation model grid size, landscape representation and hydrologic simulations},
  journal = 	 {Water Resources Research},
  year = 	 {1994},
  OPTkey = 	 {},
  volume = 	 {30},
  number = 	 {4},
  pages = 	 {1019-1028},
  OPTmonth = 	 {},
  OPTnote = 	 {},
  OPTannote = 	 {}
}



@Article{Wolock1994,
  author = 	 {D.M. Wolock and C.V. Price},
  title = 	 {Effects of digital elevation model map scale and data resolution on a topography-based watershed model},
  journal = 	 {Water Resources Research},
  year = 	 {1994},
  OPTkey = 	 {},
  volume = 	 {30},
  number = 	 {11},
  pages = 	 {3041-3052},
  OPTmonth = 	 {},
  OPTnote = 	 {},
  OPTannote = 	 {}
}


@Article{Chanbey2005,
  author = 	 {I. Chanbey and A.S. Cotter and T.A. Costello and T.S. Soerens},
  title = 	 {Effect of DEM data resolution on SWAT output uncertainty},
  journal = 	 {Hydrological Processes},
  year = 	 {2005},
  OPTkey = 	 {},
  volume = 	 {19},
  number = 	 {3},
  pages = 	 {621-628},
  OPTmonth = 	 {},
  OPTnote = 	 {},
  OPTannote = 	 {}
}


@Article{Zhang2008,
  author = 	 {J.X. Zhang and  K.T. Chang and J.Q. Wu},
  title = 	 {Effects of DEM resolution and source on soilerosion modelling: a case study using the WEPP model},
  journal = 	 {International Journal of Geographical Information Science},
  year = 	 {2008},
  OPTkey = 	 {},
  volume = 	 {22},
  number = 	 {8},
  pages = 	 {925-942},
  OPTmonth = 	 {},
  OPTnote = 	 {},
  OPTannote = 	 {}
}

@PhdThesis{Cochrane1999,
  author = 	 {T.A. Cochrane},
  title = 	 {Methodologies for watershed modeling with GIS and DEMs for the parametrization of the WEPP model},
  school = 	 {Purdue University},
  year = 	 {1999},
  OPTkey = 	 {},
  OPTtype = 	 {},
  OPTaddress = 	 {},
  OPTmonth = 	 {},
  OPTnote = 	 {},
  OPTannote = 	 {}
}


@Article{Mitasova1996,
  author = 	 {H. Mitasova and J.Hofierka and M. Zlocha and L.R. Iverson},
  title = 	 {Modeling topographic potential for errosion and deposition using GIS},
  journal = 	 {International Journal of Geographical Information Systems},
  year = 	 {1996},
  OPTkey = 	 {},
  volume = 	 {10},
  OPTnumber = 	 {},
  pages = 	 {629-641},
  OPTmonth = 	 {},
  OPTnote = 	 {},
  OPTannote = 	 {}
}


@Article{Desmet1997,
  author = 	 {P.J.J. Desmet and G. Grovers},
  title = 	 {Comment on Modeling topographic potential for erosion and deposition using GIS},
  journal = 	 {International Journal of Geographical Information Systems},
  year = 	 {1997},
  OPTkey = 	 {},
  volume = 	 {11},
  OPTnumber = 	 {},
  pages = 	 {603-610},
  OPTmonth = 	 {},
  OPTnote = 	 {},
  OPTannote = 	 {}
}



@Article{Wise2007,
  author = 	 {S.M. Wise},
  title = 	 {Effect of differing DEM creation methods on the results from a hydrological model},
  journal = 	 {Computers \& Geosciences},
  year = 	 {2007},
  OPTkey = 	 {},
  volume = 	 {33},
  number = 	 {1351-1365},
  OPTpages = 	 {},
  OPTmonth = 	 {},
  OPTnote = 	 {},
  OPTannote = 	 {}
}



@Article{Patra2005,
  author = 	 {A.K. Patra and A.C. Bauer and C.C. Nichita and E.B. Pitman and M.F. Sheridan 
and M. Bursik and B. Rupp and A. Webber and A.J. Stinton and L.M. Namikawa and C.S. Renschler },
  title = 	 {Parallel adaptive numerical simulation of dry avalanches over natural terrain},
  journal = 	 {Journal of Volcanology and Geothermal Research},
  year = 	 {2005},
  OPTkey = 	 {},
  volume = 	 {139},
  OPTnumber = 	 {},
  pages = 	 {1-21},
  OPTmonth = 	 {},
  OPTnote = 	 {},
  OPTannote = 	 {}
}


@TechReport{Farr2007,
  author = 	 {T.G. Farr and P.A. Rosen and E. Caro and R. Crippen and R. Duren and S. Hensley
and  M. Kobrick},
  title = 	 {The Shuttle Radar Topography Mission},
  institution =  {Jet Propulsion Laboratory},
  year = 	 {2007},
  OPTkey = 	 {},
  OPTtype = 	 {},
  OPTaddress = 	 {},
  OPTmonth = 	 {},
  OPTnote = 	 {},
  OPTannote = 	 {}
}



@Article{Abrams2000,
  author = 	 {M. Abrams},
  title = 	 {The Advanced Spaceborne Thermal Emission and Reflection Radiometer (ASTER):
Data Products for the High Spatial Resolution Imager on NASAs Terra Platform},
  journal = 	 {International Journal of Remote Sensing},
  year = 	 {2000},
  OPTkey = 	 {},
  volume = 	 {21},
  number = 	 {847-859},
  OPTpages = 	 {},
  OPTmonth = 	 {},
  OPTnote = 	 {},
  OPTannote = 	 {}
}


@Article{Fujisada2005,
  author = 	 {H. Fujisada and G.B. Bailey and G.G. Kelly and S. Hara and M.J. Abrams},
  title = 	 {ASTER DEM Performance},
  journal = 	 {IEEE Transactions on Geoscience and Remote Sensing},
  year = 	 {2005},
  OPTkey = 	 {},
  volume = 	 {43},
  number = 	 {12},
  OPTpages = 	 {},
  OPTmonth = 	 {},
  OPTnote = 	 {},
  OPTannote = 	 {}
}


@Article{Goncalves2004,
  author = 	 {J.A. Goncalves and A.M. Oliveira},
  title = 	 {Accuracy Analysis of DEMs derived from ASTER imagery},
  journal = 	 {ISPRS XX},
  year = 	 {2004},
  OPTkey = 	 {},
  OPTvolume = 	 {},
  OPTnumber = 	 {},
  OPTpages = 	 {},
  OPTmonth = 	 {},
  note = 	 {Istanbul, Turkey},
  OPTannote = 	 {}
}



@MastersThesis{Shaffer2006,
  author = 	 {W. J. Shaffer},
  title = 	 {Evaluation of the Shuttle Radar Topography Mission digital elevation model 
and application to the modeling of permanent deformation },
  school = 	 {State University of New York at Buffalo},
  year = 	 {2006},
  OPTkey = 	 {},
  OPTtype = 	 {},
  OPTaddress = 	 {},
  OPTmonth = 	 {},
  OPTnote = 	 {},
  OPTannote = 	 {}
}



@Article{Mouginis-Mark2005,
  author = 	 {P.J. Mouginis-Mark and H. Garbeil},
  title = 	 {Quality of TOPSAR topographic data for volcanology studies at Kilauea Volcano, 
Hawaii: An assessment using airborne lidar data},
  journal = 	 {Remote Sensing of Environment},
  year = 	 {2005},
  OPTkey = 	 {},
  volume = 	 {96},
  OPTnumber = 	 {},
  pages = 	 {149-164},
  OPTmonth = 	 {},
  OPTnote = 	 {},
  OPTannote = 	 {}
}



@Article{Hooper2003,
  author = 	 {D.M. Hooper and M.I. Bursik and F.H. Webb},
  title = 	 {Application of high-resolution, interferometric DEMs to geomorphic studies of fault scarps, Fish Lake Valley, Nevada-California, USA},
  journal = 	 {Remote Sensing of Environment},
  year = 	 {2003},
  OPTkey = 	 {},
  volume = 	 {84},
  number = 	 {2},
  pages = 	 {255-267},
  OPTmonth = 	 {},
  OPTnote = 	 {},
  OPTannote = 	 {}
}


@Book{Bailey1989,
  author = 	 {R.A. Bailey},
  OPTALTeditor = 	 {},
  title = 	 {Geologic Map of Long Valley Caldera, Mono-Inyo Craters
Volcanic Chain and Vicinity, Eastern California},
  publisher = 	 {Department of the Interior, Reston, VA (US)},
  year = 	 {1989},
  key = 	 {OSTI ID:5630570},
  OPTvolume = 	 {},
  OPTnumber = 	 {},
  OPTseries = 	 {},
  OPTaddress = 	 {},
  OPTedition = 	 {},
  OPTmonth = 	 {},
  OPTnote = 	 {},
  OPTannote = 	 {}
}



@MastersThesis{Burkett2007,
  author = 	 {S.M. Burkett},
  title = 	 {Geomorphic Mapping and Petrography of Mammoth Mountain,
California},
  school = 	 {State University of New York at Buffalo},
  year = 	 {2007},
  OPTkey = 	 {},
  OPTtype = 	 {},
  OPTaddress = 	 {},
  OPTmonth = 	 {},
  OPTnote = 	 {},
  OPTannote = 	 {}
}



@Article{Farrar1995,
  author = 	 {C.D. Farrar},
  title = 	 {Forest-killing diffuse $CO_2$ emission at Mammoth Mountain as a sign of 
magmatic unrest},
  journal = 	 {Nature},
  year = 	 {1995},
  OPTkey = 	 {},
  volume = 	 {376},
  OPTnumber = 	 {},
  pages = 	 {675},
  OPTmonth = 	 {},
  OPTnote = 	 {},
  OPTannote = 	 {}
}



@Article{Savage1989,
  author = 	 {S.B. Savage and K. Hutter},
  title = 	 {The motion of a finite mass of granular material down a rough incline},
  journal = 	 {Journal of Fluid Mechanics},
  year = 	 {1989},
  OPTkey = 	 {},
  volume = 	 {199},
  OPTnumber = 	 {},
  pages = 	 {177-215},
  OPTmonth = 	 {},
  OPTnote = 	 {},
  OPTannote = 	 {}
}



@Article{Takahashi2000,
  author = 	 {T. Takahashi and H. Tsujimoto},
  title = 	 {A mechanical model for Merapi-type pyroclastic flow},
  journal = 	 {Journal of Volcanology and Geothermal Research },
  year = 	 {2000},
  OPTkey = 	 {},
  volume = 	 {98},
  OPTnumber = 	 {},
  pages = 	 {91-115},
  OPTmonth = 	 {},
  OPTnote = 	 {},
  OPTannote = 	 {}
}




@Book{Lillesand2000,
  author = 	 {T.M. Lillesand and R.W. Keifer},
  OPTeditor = 	 {},
  title = 	 {Remote sensing and image interpretation},
  publisher = 	 {New York, NY: Wiley},
  year = 	 {2000},
  OPTkey = 	 {},
  OPTvolume = 	 {},
  OPTnumber = 	 {},
  OPTseries = 	 {},
  OPTaddress = 	 {},
  edition = 	 {4},
  OPTmonth = 	 {},
  OPTnote = 	 {},
  OPTannote = 	 {}
}

@Book{Legorreta2009,
  author = 	 {G.Legorreta-Paulin and M.I. Bursik},
  OPTALTeditor = 	 {},
  title = 	 {Assessment of Landslides Susceptibility},
  publisher = 	 {VDM and Co. KG, Saarbrucken, Germany},
  year = 	 {2009},
  OPTkey = 	 {},
  OPTvolume = 	 {},
  OPTnumber = 	 {},
  OPTseries = 	 {},
  OPTaddress = 	 {},
  OPTedition = 	 {},
  OPTmonth = 	 {},
  OPTnote = 	 {},
  OPTannote = 	 {}
}


@Article{Keith,
  author = 	 {K. Dalbey and A.K. Patra and E.B. Pitman and M.I. Bursik and M.F. Sheridan},
  title = 	 {Input uncertainty propagation methods and hazard mapping of geophysical mass flow},
  journal = 	 {Journal of Geophysical Research},
  year = 	 {2008},
  key = 	 {B05203},
  doi=           {10.1029/2006JB004471},
  volume = 	 {113},
  OPTnumber = 	 {},
  OPTpages = 	 {},
  OPTmonth = 	 {},
  OPTnote = 	 {},
  OPTannote = 	 {}
}


@Article{Galas2007,
  author = 	 {S. Galas and K. Dalbey and D. Kumar and A.K. Patra and M. Sheridan},
  title = 	 {Benchmarking TITAN2D mass flow model against a sand flow experiment and the 1903 Frank slide},
  journal = 	 {The 2007 International Forum on Landslide Disaster Management},
  year = 	 {2007},
  key = 	 {ISBN 978-962-7619-30-7},
  volume = 	 {Ho \& Li editors},
  OPTnumber = 	 {},
  OPTpages = 	 {},
  OPTmonth = 	 {},
  OPTnote = 	 {},
  OPTannote = 	 {}
}

@PhdThesis{Namikawa2006,
  author = 	 {L.M. Namikawa},
  title = 	 {Multiple represenatations of elevation for dynamic process modeling},
  school = 	 {University at Buffalo},
  year = 	 {2006},
  OPTkey = 	 {},
  OPTtype = 	 {},
  OPTaddress = 	 {},
  OPTmonth = 	 {},
  OPTnote = 	 {},
  OPTannote = 	 {}
}

@article{Denlinger2001,
   author = {R.P. Denlinger and R.M. Iverson},
    title = {Flow of variably fluidized granular masses across three-dimensional terrain 2. Numerical predictions and experimental tests},
  journal = {Journal of Geophysical Research},
     year = 2001,
   volume = 106,
    pages = {553-566},
      doi = {10.1029/2000JB900330},
   adsurl = {http://adsabs.harvard.edu/abs/2001JGR...106..553D},
  adsnote = {Provided by the Smithsonian/NASA Astrophysics Data System}
}

