@ARTICLE{cite7, 
author={Kouzes, R.T. and Anderson, G.A. and Elbert, S.T. and Gorton, I. and Gracio, D.K.}, 
journal={Computer}, title={The Changing Paradigm of Data-Intensive Computing}, 
year={2009}, 
month={jan. }, 
volume={42}, 
number={1}, 
pages={26 -34}, 
keywords={algorithms;data complexity;data-intensive computing;hardware;software;database management systems;}, 
doi={10.1109/MC.2009.26}, 
ISSN={0018-9162},}

@article{mckay1979comparison,
  title={Comparison of three methods for selecting values of input variables in the analysis of output from a computer code},
  author={McKay, Michael D and Beckman, Richard J and Conover, William J},
  journal={Technometrics},
  volume={21},
  number={2},
  pages={239--245},
  year={1979},
  publisher={Taylor \& Francis}
}
@INPROCEEDINGS{cite6, 
author={Oguchi, M. and Kitsuregawa, M.}, 
booktitle={Communications, 2001. ICC 2001. IEEE International Conference on}, title={Data mining on PC cluster connected with storage area network: its preliminary experimental results}, 
year={2001}, 
month={}, 
volume={7}, 
number={}, 
pages={2145 -2149 vol.7}, 
keywords={I/O-bottleneck;LAN clusters;PC cluster;ad-hoc query processing;cost performance ratio;data intensive applications;data mining;databases;disk-to-disk copy operation;distributed computing;dynamic data copy method;high performance parallel computers;large scale computer system;massively parallel processors;parallel computing;personal computer/workstation clusters;server sites;shared disk bottleneck;storage area network;data mining;local area networks;microcomputer applications;parallel architectures;parallel processing;query processing;workstation clusters;}, 
doi={10.1109/ICC.2001.937036}, 
ISSN={},}

@ARTICLE{cite14, 
author={Moretti, C. and Hoang Bui and Hollingsworth, K. and Rich, B. and Flynn, P. and Thain, D.}, 
journal={Parallel and Distributed Systems, IEEE Transactions on}, title={All-Pairs: An Abstraction for Data-Intensive Computing on Campus Grids}, 
year={2010}, 
month={jan. }, 
volume={21}, 
number={1}, 
pages={33 -46}, 
keywords={All-Pairs abstraction;campus grids;data-intensive computing;computer aided instruction;grid computing;}, 
doi={10.1109/TPDS.2009.49}, 
ISSN={1045-9219},}


@INPROCEEDINGS{cite3, 
author={Szalay, A.S. and Bell, G. and Vandenberg, J. and Wonders, A. and Burns, R. and Dan Fay and Heasley, J. and Hey, T. and Nieto-SantiSteban, M. and Thakar, A. and van Ingen, C. and Wilton, R.}, 
booktitle={System Sciences, 2009. HICSS '09. 42nd Hawaii International Conference on}, title={GrayWulf: Scalable Clustered Architecture for Data Intensive Computing}, 
year={2009}, 
month={jan.}, 
volume={}, 
number={}, 
pages={1 -10}, 
keywords={Amdahl laws;BeoWulf clusters;GrayWulf;IO capabilities;commodity component cluster;data intensive computations;data intensive computing;software design;supercomputing architectures;parallel machines;pattern clustering;software architecture;}, 
doi={10.1109/HICSS.2009.234}, 
ISSN={1530-1605},}


@article{cite2,
  title={Data-centric computing with the netezza architecture},
  author={Helmreich, S.C. and Cowie, J.R.}
}

@techreport{cite15,
  title={Applying performance models to understand data-intensive computing efficiency},
  author={Krevat, E. and Shiran, T. and Anderson, E. and Tucek, J. and Wylie, J.J. and Ganger, G.R.},
  year={2010},
  institution={DTIC Document}
}


@article{cite16,
  title={MapReduce and parallel DBMSs: friends or foes},
  author={Stonebraker, M. and Abadi, D. and DeWitt, D.J. and Madden, S. and Paulson, E. and Pavlo, A. and Rasin, A.},
  journal={Communications of the ACM},
  volume={53},
  number={1},
  pages={64--71},
  year={2010}
}


@article{cite17,
 author = {DeWitt, David J. and Gray, Jim},
 title = {Parallel database systems: the future of database processing or a passing fad?},
 journal = {SIGMOD Rec.},
 issue_date = {Dec. 1990},
 volume = {19},
 number = {4},
 month = dec,
 year = {1990},
 issn = {0163-5808},
 pages = {104--112},
 numpages = {9},
 url = {http://doi.acm.org/10.1145/122058.122071},
 doi = {10.1145/122058.122071},
 acmid = {122071},
 publisher = {ACM},
 address = {New York, NY, USA},
}

@article{cite9,
  title={Active Storage For Large-Scale Data Mining and Multimedia},
  author={Riedel, E. and Gibson, G. and Faloutsos, C.}
}


@inproceedings{cite10,
  title={Active disks: Programming model, algorithms and evaluation},
  author={Acharya, A. and Uysal, M. and Saltz, J.},
  booktitle={ACM SIGPLAN Notices},
  volume={33},
  number={11},
  pages={81--91},
  year={1998},
  organization={ACM}
}

@article{cite13,
  title={Active disks for large-scale data processing},
  author={Riedel, E. and Faloutsos, C. and Gibson, G.A. and Nagle, D.},
  journal={Computer},
  volume={34},
  number={6},
  pages={68--74},
  year={2001},
  publisher={IEEE}
}

@inproceedings{cite1,
  title={Comparing the performance of clusters, Hadoop, and Active Disks on microarray correlation computations},
  author={Delmerico, J.A. and Byrnes, N.A. and Bruno, A.E. and Jones, M.D. and Gallo, S.M. and Chaudhary, V.},
  booktitle={High Performance Computing (HiPC), 2009 International Conference on},
  pages={378--387},
  year={2009},
  organization={IEEE}
}

@article{cite11,
  title={MapReduce: simplified data processing on large clusters},
  author={Dean, J. and Ghemawat, S.},
  journal={Communications of the ACM},
  volume={51},
  number={1},
  pages={107--113},
  year={2008},
  publisher={ACM}
}

@book{keith,
  title={Predictive simulation and model based hazard maps of geophysical mass flows},
  author={Dalbey, K.R.},
  year={2009},
  publisher={State University of New York at Buffalo}
}

@article{busby,
  title={Uncertainty evaluation in reservoir forecasting by Bayes linear methodology},
  author={Busby, D. and Farmer, C. and Iske, A.},
  journal={Algorithms for Approximation},
  pages={187--196},
  year={2007},
  publisher={Springer}
}

@inproceedings{hybrid,
  title={The hybrid tree: An index structure for high dimensional feature spaces},
  author={Chakrabarti, K. and Mehrotra, S.},
  booktitle={Data Engineering, 1999. Proceedings., 15th International Conference on},
  pages={440--447},
  year={1999},
  organization={IEEE}
}


@book{Rtree,
  title={R-trees: a dynamic index structure for spatial searching},
  author={Guttman, A.},
  volume={14},
  number={2},
  year={1984},
  publisher={ACM}
}

@book{Xtree,
  title={The X-tree: An index structure for high-dimensional data},
  author={Berchtold, S. and Keim, D.A. and Kriegel, H.P. and others},
  year={1996},
  publisher={Bibliothek der Universit{\"a}t Konstanz}
}


@inproceedings{greene,
  title={An implementation and performance analysis of spatial data access methods},
  author={Greene, D.},
  booktitle={Data Engineering, 1989. Proceedings. Fifth International Conference on},
  pages={606--615},
  year={1989},
  organization={IEEE}
}

@article{R+tree,
  title={The r+-tree: A dynamic index for multi-dimensional objects},
  author={Sellis, T. and Roussopoulos, N. and Faloutsos, C.},
  year={1987},
  publisher={VLDB endowments}
}


@misc{arch_comparison,
  title={Netezza Performance Server\textsuperscript{\textregistered} Data Warehouse Appliance:An Architectural Comparison},
  type={Whitepaper},
  year={2006},
  month={November}
}


@misc{data_load,
  title={Netezza Data Loading Guide},
  type={Whitepaper},
  year={2010},
  month={October},
  organization={Netezza Corporation}
}

@inproceedings{cite4,
  title={Lightweight I/O for scientific applications},
  author={Oldfield, R.A. and Ward, L. and Riesen, R. and Maccabe, A.B. and Widener, P. and Kordenbrock, T.},
  booktitle={Cluster Computing, 2006 IEEE International Conference on},
  pages={1--11},
  year={2006},
  organization={IEEE}
}

@article{kotz,
  title={Disk-directed I/O for MIMD multiprocessors},
  author={Kotz, D.},
  journal={ACM Transactions on Computer Systems (TOCS)},
  volume={15},
  number={1},
  pages={41--74},
  year={1997},
  publisher={ACM}
}


@inproceedings{cite5,
  title={Scalable I/O forwarding framework for high-performance computing systems},
  author={Ali, N. and Carns, P. and Iskra, K. and Kimpe, D. and Lang, S. and Latham, R. and Ross, R. and Ward, L. and Sadayappan, P.},
  booktitle={Cluster Computing and Workshops, 2009. CLUSTER'09. IEEE International Conference on},
  pages={1--10},
  year={2009},
  organization={IEEE}
}


@inproceedings{cite8,
  title={Tuning the performance of I/O-intensive parallel applications},
  author={Acharya, A. and Uysal, M. and Bennett, R. and Mendelson, A. and Beynon, M. and Hollingsworth, J. and Saltz, J. and Sussman, A.},
  booktitle={Proceedings of the fourth workshop on I/O in parallel and distributed systems: part of the federated computing research conference},
  pages={15--27},
  year={1996},
  organization={ACM}
}


@article{goldstein2006,
  title={Bayes linear calibrated prediction for complex systems},
  author={Goldstein, M. and Rougier, J.},
  journal={Journal of the American Statistical Association},
  volume={101},
  number={475},
  pages={1132--1143},
  year={2006},
  publisher={American Statistical Association}
}

@article{goldstein2009,
  title={Reified Bayesian modelling and inference for physical systems},
  author={Goldstein, M. and Rougier, J.},
  journal={Journal of Statistical Planning and Inference},
  volume={139},
  number={3},
  pages={1221--1239},
  year={2009},
  publisher={Elsevier}
}

@article{craig2001,
  title={Bayesian forecasting for complex systems using computer simulators},
  author={Craig, P.S. and Goldstein, M. and Rougier, J.C. and Seheult, A.H.},
  journal={Journal of the American Statistical Association},
  volume={96},
  number={454},
  pages={717--729},
  year={2001},
  publisher={American Statistical Association}
}

@article{craig1997,
  title={Pressure matching for hydrocarbon reservoirs: a case study in the use of Bayes linear strategies for large computer experiments},
  author={Craig, P.S. and Goldstein, M. and Seheult, A.H. and Smith, J.A.},
  journal={LECTURE NOTES IN STATISTICS-NEW YORK-SPRINGER VERLAG-},
  pages={37--94},
  year={1997},
  publisher={SPRINGER VERLAG KG}
}

@misc{spu,
  title={http://www.monash.com/uploads/netezza.pdf},
  year={2013}
}

@misc{twinfin,
  title={Image obtained form http://joegaeta.blogspot.com/2012/04/think-inside-box-bigdata-netezza.html},
  year={2013}
}


@article{gramacy2008,
  title={Bayesian treed Gaussian process models with an application to computer modeling},
  author={Gramacy, R.B. and Lee, H.K.H.},
  journal={Journal of the American Statistical Association},
  volume={103},
  number={483},
  pages={1119--1130},
  year={2008},
  publisher={American Statistical Association}
}

@article{ramona,
author = {Stefanescu, E. R. and Bursik, M. and Cordoba, G. and Dalbey, K. and Jones, M. D. and Patra, A. K. and Pieri, D. C. and Pitman, E. B. and Sheridan, M. F.}, 
title = {Digital elevation model uncertainty and hazard analysis using a geophysical flow model},
volume = {468}, 
number = {2142}, 
pages = {1543-1563}, 
year = {2012}, 
doi = {10.1098/rspa.2011.0711},  
URL = {http://rspa.royalsocietypublishing.org/content/468/2142/1543.abstract}, 
eprint = {http://rspa.royalsocietypublishing.org/content/468/2142/1543.full.pdf+html}, 
journal = {Proceedings of the Royal Society A: Mathematical, Physical and Engineering Science} 
}

@article{gneiting,
author={Tilmann Gneiting }, 
year={2002},
title={Compactly supported correlation functions},
journal= {Journal of Multivariate Analysis},
volume= {83},
pages= {493--508},
}
@misc{V1,
author = {D.Stodder},
title = {T{W}{D}{I} monograph series : Seven keys to high performance data management for advanced analytics},
note = {TWDI Research (1105 Media Inc.), 20},
year = {2011}
}

@misc{V2,
author = {N.Raden},
title = {Advanced in-database analytics done Right Hired Brains Research},
note = {(Hired Brains, Inc.) 1-17},
year = {2010}
}

@misc{V3,
author = {TeraDataAster},
title = {A Revolutionary approach for advanced analytics and big data management (White Papaer)},
note = {Aster Data Systems, Inc.) 1-15}
}

@misc{V7,
author = {Kobielus, J. and Evelson, B. and Karel, R. and Coit, C.},
title = {In-Database analyics : The heart of the predicive enterprise},
note = {Forrester Research Inc., 1-22},
year = {2009}
}

@misc{V8,
author = {The Economist, SAP.},
title = {Data, data everywhere - A special report on managing information.},
note = {Economist (original publication):SAP(reprint),1-12},
year = {2009}
}

@misc{V9,
author = {The Economist-Economist intelligent unit.},
title = {Big Data - Harnessing a game-changing asset (white
paper)},
note = {The Economist Intelligent Unit. 1-32}, 
year = {2011}
}


@misc{V10,
author = {Tableau software.},
title = {Big Data: Powering the next industrial revolution. Tableau Software},
URL = {(http://www.tableausoftware.com). 1-11},
year = {2012}
}

@misc{V11,
author = {J. Lovett.},
title = {Beyond surface-level social media - Using analytical assets for Generation-Next
Marketing (white paper).},
note = { Web Analytics Demystified. 1-19},
year = {2011}
}

@misc{V12,
author = {SaS and Teradata Inc.},
title = {Unlock the business value of enterprise data with in-database analytics (white paper).},
note = {SAS Institute Inc. and Teradata Corporation. 1-12},
year = {2009}
}


