@Article{ hanke:dfwudc,
	AUTHOR = "Author, A. and Author, B.",
	JOURNAL = "Some Journal",
	KEY = "ANDE",
	PAGES = "275-308",
	TITLE = "Random Thoughts",
	VOLUME = "9",
	YEAR = "1992"
}
@Article{	  BuPaPi05,
  author	= "M. Bursik and A. Patra and E. B. Pitman and C. Nichita and
		  J. L. Macias and R. Saucedo and O. Girina",
  title		= "Advances in Studies of Dense Volcanic Granular Flows",
  journal	= "Reports on Progress in Physics",
  year		= "2005",
  optkey	= "",
  volume	= "68",
  optnumber	= "",
  pages		= "271--301",
  optmonth	= "",
  note		= "doi:10.1088/0034-4885/68/2/R01",
  optannote	= ""
}
@Article{titan2d,
  AUTHOR =	 "Patra, A.K. and Bauer, A.C. and Nichita, C.  and
                  Pitman, E.B. and Sheridan, M. F. and Bursik,M. and
                  Rupp,B. and Webber, A.  and Namikawa, L. and
                  Renschler, C.",
  JOURNAL =	 "Journal of Volcanology and Geothermal Research",
  PAGES =	 "1-21",
  TITLE =	 "Parallel Adaptive Numerical Simulation of Dry
                  Avalanches over Natural Terrain",
  VOLUME =	 "139",
  YEAR =	 "2005"
}
@Article{stefanescu1,
  author = 	 {E. Ramona Stefanescu and M. Bursik and A.K. Patra},
  title = 	 {Effect of digital elevation model on geophysical
                  flow model output},
  journal = 	 {Natural Hazards},
  year = 	 {2010},
  OPTkey = 	 {},
  OPTvolume = 	 {},
  OPTnumber = 	 {},
  OPTpages = 	 {},
  OPTmonth = 	 {},
  OPTnote = 	 {},
  annote = 	 {submitted}
}
@Article{ stinton_2006,
  AUTHOR =	 "Stinton, A.J. and Sheridan, M.F. and Patra, A. and
                  Dalbey, K. and Namikawa, L.",
  JOURNAL =	 "Acta Vulcanologica",
  PAGES =	 "153-163",
  TITLE =	 "Incorporation of variable bed friction into {TITAN2D}
                  mass-flow model: {A}pplication to {L}ittle {T}ahoma {P}eak
                  avalanche ({W}ashington)",
  VOLUME =	 "16(1-2)",
  YEAR =	 "2006"
}

@Article{ murcia_2010,
  AUTHOR =	 "Murcia, H.F. and Sheridan, M.F. and Macias,
                  J.L. and Cortes, G.P.",
  JOURNAL =	 "Journal of South American Earth Sciences",
  PAGES =	 "161-170",
  TITLE =	 "{TITAN2D} simulations of pyroclastic flows at {C}erro
                  {M}achin {V}olcano, {C}olombia: {H}azard implications",
  VOLUME =	 "29",
  YEAR =	 "2010"
}
@Article{ sheridan_2005,
  AUTHOR =	 "Sheridan, M.F. and Stinton, A.J. and Patra, A. and
                  Pitman, E.B. and Bauer, A. and Nichita, C.C.",
  JOURNAL =	 "Journal of Volcanology and Geothermal Research",
  PAGES =	 "275-308",
  TITLE =	 "Evaluating {TITAN2D} mass-flow model using the 1963
                  {L}ittle {T}ahoma {P}eak avalanches, {M}ount {R}ainier,
                  {W}ashington",
  VOLUME =	 "139",
  YEAR =	 "2005"
}
@Article{ sheridan_2010,
  AUTHOR =	 "Sheridan, M.F. and Patra, A.K. and Dalbey, K. and
                  Hubbard, B.",
  JOURNAL =	 "in Groppelli, G., and Viereck-Goette, L., eds.,
                  Stratigraphy and Geology of Volcanic Areas:
                  Geological Society of America Special Paper",
  PAGES =	 "In press",
  TITLE =	 "Probabilistic digital hazard maps for avalanches and
                  massive pyroclastic flows using {TITAN2D}",
  VOLUME =	 "464",
  YEAR =	 "2010"
}
@Article{ calvache_1990b,
  AUTHOR =	 "Calvache, M.",
  JOURNAL =	 "M.S. Thesis, Louisiana State Univ., Baton Rouge, LA",
  PAGES =	 "171",
  TITLE =	 "Geology and Volcanology of the Recent Evolution of
                  Galeras Volcano, Colombia",
  YEAR =	 "1990"
}
@Article{ calvache_1990a,
  AUTHOR =	 "Calvache, M.",
  JOURNAL =	 "Msc. Thesis. Louisiana State University",
  TITLE =	 "Geology and Volcanology of the Recent Evolution of
                  {G}aleras {V}olcano, {C}olombia",
  PAGES =	 "171",
  YEAR =	 "1990"
}
@Article{ hurtado_1997,
	AUTHOR = "Hurtado, A. and Cortes, G.P.",
	JOURNAL = "Journal of Volcanology and Geothermal Research",
	PAGES = "89-100",
	TITLE = "Third version of the hazard map of {G}aleras {V}olcano, {C}olombia",
	VOLUME = "77",
	YEAR = "1997"
}
@Article{ consultatorias,
	AUTHOR = "I.P.C.Consultatorias",
	JOURNAL = "Sistema Nacional de Emergencias de {C}olombia. (In {S}panish)",
	TITLE = "Plan de Accion Especifico",
	YEAR = "2007"
}
@Article{ordones_2000,
  AUTHOR =	 "Ordo\~nez-Villota, M. and Jentzsch, G.",
  JOURNAL =	 "Ingeominas Internal Report (in {S}panish)",
  TITLE =	 "Mediciones {GPS} como Topografia Basica para el
                  Estudio de Microgravedad en el {V}olc\'an {G}aleras,
                  {C}olombia",
  YEAR =	 "2000"
}
@Article{ baxter1997,
  AUTHOR =	 "Baxter, P.J. and Gresham, A.",
  JOURNAL =	 "Journal of Volcanology and Geothermal Research",
  PAGES =	 "325-338",
  TITLE =	 "Deaths and injuries in the eruption of {G}aleras
                  {V}olcano, {C}olombia, 14 {J}anuary 1993",
  VOLUME =	 "77",
  YEAR =	 "1997"
}
@Article{ calvache1997,
  AUTHOR =	 "Calvache, M. and Cortes, G.P. and Williams, S.N.",
  JOURNAL =	 "Journal of Volcanology and Geothermal Research",
  PAGES =	 "5-19",
  TITLE =	 "Stratigraphy and chronology of the {G}aleras volcanic
                  complex, {C}olombia",
  VOLUME =	 "77",
  YEAR =	 "1997"
}
@Article{ narvaez_1997,
  AUTHOR =	 "Narvaez, L. and Torres, R. and Gomez, D. and Cortes, G.P. and Cepeda, H. and Stix, J.",
  JOURNAL =	 "Journal of Volcanology and Geothermal Research",
  PAGES =	 "159-171",
  TITLE =	 "Tornillo-type seismic signals at {G}aleras volcano,
                  {C}olombia, 1992--1993",
  VOLUME =	 "77",
  YEAR =	 "1997"
}
@InBook{ Felix_Hebeler,
  AUTHOR =	 "Hebeler, F. and Purves, R.S.",
  CHAPTER =	 "Quality Aspects in spatial Data Mining",
  KEY =		 "BARS",
  PAGES =	 "175-196",
  PUBLISHER =	 "A.Stein, J.Shi $\&$W.Bijker, CRC Press, Boca Raton ",
  TITLE =	 "Modelling {DEM} data uncertainties for {M}onte {C}arlo
                  Simulations of Ice Sheet Models",
  YEAR =	 "2008"
}
@InProceedings{stefanescu2,
  AUTHOR =	 "Stefanescu, E.R. and Bursik, M. and Dalbey, K. and
                  Jones, M. and Patra, A.K. and Pitman, E.B.",
  BOOKTITLE =	 "submitted to International Congress on Environmental
                  Modelling and Software",
  TITLE =	 "{DEM} uncertainty and hazard analysis using a
                  geophysical flow model",
  YEAR =	 "2010"
}
@Article{Wechsler2006,
  AUTHOR =	 "Wechsler, S. and Kroll, C.",
  JOURNAL =	 "Photogrammetric Engineering $\&$ Remote Sensing",
  PAGES =	 "108-1090",
  TITLE =	 "Quantifying {DEM} Uncertainty and its effects on
                  topographic parameters",
  VOLUME =	 "72",
  YEAR =	 "2006"
}
@Article{ Shearer_1990,
  AUTHOR =	 "Shearer, J.W.",
  JOURNAL =	 "In: Petrie, G., Kennie, T.J.M. (Eds.) Terrain
                  Modelling in Surveying and Civil Engineering",
  PAGES =	 "315-336",
  TITLE =	 "The accuracy of digital terrain models",
  PUBLISHER =	 "Whittles: London",
  YEAR =	 "1990"
}
@Article{ Goodchild_1994,
  AUTHOR =	 "Goodchild, M.F. and Buttenfield, B.P. and Wood, J.",
  JOURNAL =	 "In: Hearshaw HM, Unwin DJ (eds) Visualisation in
                  Geographic Information Systems",
  PAGES =	 "141-149",
  TITLE =	 "Introduction to visualizing data quality",
  YEAR =	 "1994"
}
@Article{ Hunter_1995,
	AUTHOR = "Hunter, G.J. and Caetano, M. and Goodchild, M.F.",
	JOURNAL = "Journal of the Urban and Regional Information Systems Associations",
	PAGES = "11-21",
	TITLE = "A methodology for reporting uncertainty in spatial database products",
	VOLUME = "7",
	YEAR = "1995"
}
@Article{Qihao_Weng,
	AUTHOR = "Weng, Q.",
	JOURNAL = "In: Advances in Spatial Data Handling",
	PUBLISHER = "edited by D. Richardson and P. van Oosterom, Spring-Verlang, New York",
	PAGES = "403-418",
	TITLE = "Quantifying uncertainty of digital elevation models derived from topographic maps",
	YEAR = "2002"
}
@Article{Fisher_1991,
	AUTHOR = "Fisher, P.F.",
	JOURNAL = "International Journal of Geographical Information Systems",
	PAGES = "193-208",
	TITLE = "Modeling soil Map-Unit Inclusions by {M}onte {C}arlo Simulation",
	VOLUME = "5",
	YEAR = "1991"
}
@Article{ Goodchild_1992,
	AUTHOR = "Goodchild, M.F. and Sun, G. and Yang, S.",
	JOURNAL = "International Journal of Geographical Informational Systems",
	PAGES = "87-104",
	TITLE = "Development and Test of an Error model for Categorical Data",
	VOLUME = "6",
	YEAR = "1992"
}
@InProceedings{ Ehlschlaeger_1996,
  AUTHOR =	 "Ehlschlaeger, C. and Shortridge, A",
  BOOKTITLE =	 "Proceedings of the International Symposium on
                  Spatial Data Handling, Delf, Netherlands",
  PAGES =	 "9B.15-9B.25",
  TITLE =	 "Modeling Elevation Uncertainty in Geographical
                  Analysis",
  YEAR =	 "1996"
}
@Article{ Hunter_Goodchild_1997,
  AUTHOR =	 "Hunter, G. and Goodchild, M.",
  JOURNAL =	 "Geographical Analysis",
  PAGES =	 "35-49",
  TITLE =	 "Modeling the Uncertainty of Slope and Aspect
                  Estimates Derived From Spatial Databases",
  VOLUME =	 "1",
  YEAR =	 "1997"
}
@Article{ Amii_Darnell,
  AUTHOR =	 "Darnell, A.R. and Tate, N.J. and Brunsdon, C.",
  JOURNAL =	 "Computers, Environment and Urban Systems",
  PAGES =	 "268-277",
  TITLE =	 "Improving user assessment of error implications in
                  digital elevation models ",
  VOLUME =	 "32",
  YEAR =	 "2008"
}
@Article{Bates2000,
  author =	 {P.D. Bates and A.P.J. De Roo},
  title =	 {A simple raster-based model for flood inundation
                  simulation},
  journal =	 {Journal of Hydrology},
  year =	 {2000},
  OPTkey =	 {},
  volume =	 {236},
  OPTnumber =	 {},
  pages =	 {54-77},
  OPTmonth =	 {},
  OPTnote =	 {},
  OPTannote =	 {}
}

@Article{Biswas2008,
  author =	 {S. Biswas and S. Ahmad and M.K.I. Molla and
                  K. Hirose and M. Nasser},
  title =	 {Kolomogrov-{S}mirnov Test in Text-Dependent Automatic
                  Speaker Identification},
  journal =	 {Engineering Letter},
  year =	 {2008},
  key =		 {16:4 $EL\_16\_4\_01$},
  OPTvolume =	 {},
  OPTnumber =	 {},
  OPTpages =	 {},
  OPTmonth =	 {},
  OPTnote =	 {},
  OPTannote =	 {}
}

@Article{Zhang1994,
  author =	 {W.H. Zhang and D.R. Montgomery},
  title =	 {Digital elevation model grid size, landscape
                  representation and hydrologic simulations},
  journal =	 {Water Resources Research},
  year =	 {1994},
  OPTkey =	 {},
  volume =	 {30},
  number =	 {4},
  pages =	 {1019-1028},
  OPTmonth =	 {},
  OPTnote =	 {},
  OPTannote =	 {}
}



@Article{Wolock1994,
  author =	 {D.M. Wolock and C.V. Price},
  title =	 {Effects of digital elevation model map scale and
                  data resolution on a topography-based watershed
                  model},
  journal =	 {Water Resources Research},
  year =	 {1994},
  OPTkey =	 {},
  volume =	 {30},
  number =	 {11},
  pages =	 {3041-3052},
  OPTmonth =	 {},
  OPTnote =	 {},
  OPTannote =	 {}
}


@Article{Chanbey2005,
  author = 	 {I. Chanbey and A.S. Cotter and T.A. Costello and T.S. Soerens},
  title = 	 {Effect of {DEM} data resolution on {SWAT} output uncertainty},
  journal = 	 {Hydrological Processes},
  year = 	 {2005},
  OPTkey = 	 {},
  volume = 	 {19},
  number = 	 {3},
  pages = 	 {621-628},
  OPTmonth = 	 {},
  OPTnote = 	 {},
  OPTannote = 	 {}
}


@Article{Zhang2008,
  author =	 {J.X. Zhang and K.T. Chang and J.Q. Wu},
  title =	 {Effects of {DEM} resolution and source on soil erosion
                  modelling: a case study using the {WEPP} model},
  journal =	 {International Journal of Geographical Information
                  Science},
  year =	 {2008},
  OPTkey =	 {},
  volume =	 {22},
  number =	 {8},
  pages =	 {925-942},
  OPTmonth =	 {},
  OPTnote =	 {},
  OPTannote =	 {}
}

@PhdThesis{Cochrane1999,
  author =	 {T.A. Cochrane},
  title =	 {Methodologies for watershed modeling with {GIS} and
                  {DEM}s for the parametrization of the {WEPP} model},
  school =	 {Purdue University},
  year =	 {1999},
  OPTkey =	 {},
  OPTtype =	 {},
  OPTaddress =	 {},
  OPTmonth =	 {},
  OPTnote =	 {},
  OPTannote =	 {}
}


@Article{Mitasova1996,
  author = 	 {H. Mitasova and J.Hofierka and M. Zlocha and L.R. Iverson},
  title = 	 {Modeling topographic potential for errosion and deposition using {GIS}},
  journal = 	 {International Journal of Geographical Information Systems},
  year = 	 {1996},
  OPTkey = 	 {},
  volume = 	 {10},
  OPTnumber = 	 {},
  pages = 	 {629-641},
  OPTmonth = 	 {},
  OPTnote = 	 {},
  OPTannote = 	 {}
}


@Article{Desmet1997,
  author = 	 {P.J.J. Desmet and G. Grovers},
  title = 	 {Comment on Modeling topographic potential for erosion and deposition using {GIS}},
  journal = 	 {International Journal of Geographical Information Systems},
  year = 	 {1997},
  OPTkey = 	 {},
  volume = 	 {11},
  OPTnumber = 	 {},
  pages = 	 {603-610},
  OPTmonth = 	 {},
  OPTnote = 	 {},
  OPTannote = 	 {}
}



@Article{Wise2007,
  author = 	 {S.M. Wise},
  title = 	 {Effect of differing DEM creation methods on the results from a hydrological model},
  journal = 	 {Computers \& Geosciences},
  year = 	 {2007},
  OPTkey = 	 {},
  volume = 	 {33},
  number = 	 {1351-1365},
  OPTpages = 	 {},
  OPTmonth = 	 {},
  OPTnote = 	 {},
  OPTannote = 	 {}
}

@TechReport{Farr2007,
  author =	 {T.G. Farr and P.A. Rosen and E. Caro and R. Crippen
                  and R. Duren and S. Hensley and M. Kobrick},
  title =	 {The {S}huttle {R}adar {T}opography {M}ission},
  institution =	 {Jet Propulsion Laboratory},
  year =	 {2007},
  OPTkey =	 {},
  OPTtype =	 {},
  OPTaddress =	 {},
  OPTmonth =	 {},
  OPTnote =	 {},
  OPTannote =	 {}
}



@Article{Abrams2000,
  author =	 {M. Abrams},
  title =	 {The Advanced Spaceborne Thermal Emission and
                  Reflection Radiometer ({ASTER}): {D}ata Products for the
                  High Spatial Resolution Imager on {NASA}s {T}erra
                  Platform},
  journal =	 {International Journal of Remote Sensing},
  year =	 {2000},
  OPTkey =	 {},
  volume =	 {21},
  number =	 {847-859},
  OPTpages =	 {},
  OPTmonth =	 {},
  OPTnote =	 {},
  OPTannote =	 {}
}


@Article{Fujisada2005,
  author =	 {H. Fujisada and G.B. Bailey and G.G. Kelly and
                  S. Hara and M.J. Abrams},
  title =	 {{ASTER} {DEM} Performance},
  journal =	 {IEEE Transactions on Geoscience and Remote Sensing},
  year =	 {2005},
  OPTkey =	 {},
  volume =	 {43},
  number =	 {12},
  OPTpages =	 {},
  OPTmonth =	 {},
  OPTnote =	 {},
  OPTannote =	 {}
}


@Article{Goncalves2004,
  author = 	 {J.A. Goncalves and A.M. Oliveira},
  title = 	 {Accuracy Analysis of {DEM}s derived from {ASTER} imagery},
  journal = 	 {ISPRS XX},
  year = 	 {2004},
  OPTkey = 	 {},
  OPTvolume = 	 {},
  OPTnumber = 	 {},
  OPTpages = 	 {},
  OPTmonth = 	 {},
  note = 	 {Istanbul, Turkey},
  OPTannote = 	 {}
}



@MastersThesis{Shaffer2006,
  author =	 {W. J. Shaffer},
  title =	 {Evaluation of the {S}huttle {R}adar {T}opography {M}ission
                  digital elevation model and application to the
                  modeling of permanent deformation },
  school =	 {State University of New York at Buffalo},
  year =	 {2006},
  OPTkey =	 {},
  OPTtype =	 {},
  OPTaddress =	 {},
  OPTmonth =	 {},
  OPTnote =	 {},
  OPTannote =	 {}
}



@Article{Mouginis-Mark2005,
  author =	 {P.J. Mouginis-Mark and H. Garbeil},
  title =	 {Quality of {TOPSAR} topographic data for volcanology
                  studies at {K}ilauea {V}olcano, Hawaii: An
                  assessment using airborne lidar data},
  journal =	 {Remote Sensing of Environment},
  year =	 {2005},
  OPTkey =	 {},
  volume =	 {96},
  OPTnumber =	 {},
  pages =	 {149-164},
  OPTmonth =	 {},
  OPTnote =	 {},
  OPTannote =	 {}
}



@Article{Hooper2003,
  author =	 {D.M. Hooper and M.I. Bursik and F.H. Webb},
  title =	 {Application of high-resolution, interferometric {DEM}s
                  to geomorphic studies of fault scarps, {F}ish {L}ake
                  {V}alley, {N}evada-{C}alifornia, {USA}},
  journal =	 {Remote Sensing of Environment},
  year =	 {2003},
  OPTkey =	 {},
  volume =	 {84},
  number =	 {2},
  pages =	 {255-267},
  OPTmonth =	 {},
  OPTnote =	 {},
  OPTannote =	 {}
}


@Book{Bailey1989,
  author =	 {R.A. Bailey},
  OPTALTeditor = {},
  title =	 {Geologic Map of Long Valley Caldera, Mono-Inyo
                  Craters Volcanic Chain and Vicinity, Eastern
                  California},
  publisher =	 {Department of the Interior, Reston, VA (US)},
  year =	 {1989},
  key =		 {OSTI ID:5630570},
  OPTvolume =	 {},
  OPTnumber =	 {},
  OPTseries =	 {},
  OPTaddress =	 {},
  OPTedition =	 {},
  OPTmonth =	 {},
  OPTnote =	 {},
  OPTannote =	 {}
}



@MastersThesis{Burkett2007,
  author =	 {S.M. Burkett},
  title =	 {Geomorphic Mapping and Petrography of Mammoth
                  Mountain, California},
  school =	 {State University of New York at Buffalo},
  year =	 {2007},
  OPTkey =	 {},
  OPTtype =	 {},
  OPTaddress =	 {},
  OPTmonth =	 {},
  OPTnote =	 {},
  OPTannote =	 {}
}



@Article{Farrar1995,
  author =	 {C.D. Farrar},
  title =	 {Forest-killing diffuse $CO_2$ emission at Mammoth
                  Mountain as a sign of magmatic unrest},
  journal =	 {Nature},
  year =	 {1995},
  OPTkey =	 {},
  volume =	 {376},
  OPTnumber =	 {},
  pages =	 {675},
  OPTmonth =	 {},
  OPTnote =	 {},
  OPTannote =	 {}
}



@Article{Savage1989,
  author =	 {S.B. Savage and K. Hutter},
  title =	 {The motion of a finite mass of granular material
                  down a rough incline},
  journal =	 {Journal of Fluid Mechanics},
  year =	 {1989},
  OPTkey =	 {},
  volume =	 {199},
  OPTnumber =	 {},
  pages =	 {177-215},
  OPTmonth =	 {},
  OPTnote =	 {},
  OPTannote =	 {}
}



@Article{Takahashi2000,
  author = 	 {T. Takahashi and H. Tsujimoto},
  title = 	 {A mechanical model for {M}erapi-type pyroclastic flow},
  journal = 	 {Journal of Volcanology and Geothermal Research },
  year = 	 {2000},
  OPTkey = 	 {},
  volume = 	 {98},
  OPTnumber = 	 {},
  pages = 	 {91-115},
  OPTmonth = 	 {},
  OPTnote = 	 {},
  OPTannote = 	 {}
}




@Book{Lillesand2000,
  author = 	 {T.M. Lillesand and R.W. Keifer},
  OPTeditor = 	 {},
  title = 	 {Remote sensing and image interpretation},
  publisher = 	 {New York, NY: Wiley},
  year = 	 {2000},
  OPTkey = 	 {},
  OPTvolume = 	 {},
  OPTnumber = 	 {},
  OPTseries = 	 {},
  OPTaddress = 	 {},
  edition = 	 {4},
  OPTmonth = 	 {},
  OPTnote = 	 {},
  OPTannote = 	 {}
}

@Book{Legorreta2009,
  author = 	 {G.Legorreta-Paulin and M.I. Bursik},
  OPTALTeditor = 	 {},
  title = 	 {Assessment of Landslides Susceptibility},
  publisher = 	 {VDM and Co. KG, Saarbrucken, Germany},
  year = 	 {2009},
  OPTkey = 	 {},
  OPTvolume = 	 {},
  OPTnumber = 	 {},
  OPTseries = 	 {},
  OPTaddress = 	 {},
  OPTedition = 	 {},
  OPTmonth = 	 {},
  OPTnote = 	 {},
  OPTannote = 	 {}
}


@Article{Keith,
  author = 	 {K. Dalbey and A.K. Patra and E.B. Pitman and M.I. Bursik and M.F. Sheridan},
  title = 	 {Input uncertainty propagation methods and hazard mapping of geophysical mass flow},
  journal = 	 {Journal of Geophysical Research},
  year = 	 {2008},
  key = 	 {B05203},
  doi=           {10.1029/2006JB004471},
  volume = 	 {113},
  OPTnumber = 	 {},
  OPTpages = 	 {},
  OPTmonth = 	 {},
  OPTnote = 	 {},
  OPTannote = 	 {}
}


@Article{Galas2007,
  author =	 {S. Galas and K. Dalbey and D. Kumar and A.K. Patra
                  and M. Sheridan},
  title =	 {Benchmarking TITAN2D mass flow model against a sand
                  flow experiment and the 1903 Frank slide},
  journal =	 {The 2007 International Forum on Landslide Disaster
                  Management},
  year =	 {2007},
  key =		 {ISBN 978-962-7619-30-7},
  volume =	 {Ho \& Li editors},
  OPTnumber =	 {},
  OPTpages =	 {},
  OPTmonth =	 {},
  OPTnote =	 {},
  OPTannote =	 {}
}

@PhdThesis{Namikawa2006,
  author = 	 {L.M. Namikawa},
  title = 	 {Multiple represenatations of elevation for dynamic process modeling},
  school = 	 {University at Buffalo},
  year = 	 {2006},
  OPTkey = 	 {},
  OPTtype = 	 {},
  OPTaddress = 	 {},
  OPTmonth = 	 {},
  OPTnote = 	 {},
  OPTannote = 	 {}
}

@article{Denlinger2001,
   author = {R.P. Denlinger and R.M. Iverson},
    title = {Flow of variably fluidized granular masses across three-dimensional terrain 2. Numerical predictions and experimental tests},
  journal = {Journal of Geophysical Research},
     year = 2001,
   volume = 106,
    pages = {553-566},
      doi = {10.1029/2000JB900330},
   adsurl = {http://adsabs.harvard.edu/abs/2001JGR...106..553D},
  adsnote = {Provided by the Smithsonian/NASA Astrophysics Data System}
}

