@Article{Abrams2000,
  author =	 {M. Abrams},
  title =	 {The Advanced Spaceborne Thermal Emission and
                  Reflection Radiometer ({ASTER}): {D}ata Products for
                  the High Spatial Resolution Imager on {NASA}s
                  {T}erra Platform},
  journal =	 {International Journal of Remote Sensing},
  year =	 2000,
  volume =	 21,
  number =	 {847-859}
}
@article{galmarini2010multi,
  title={Multi-model vs. EPS-based ensemble atmospheric dispersion simulations: A quantitative assessment on the ETEX-1 tracer experiment case},
  author={Galmarini, S and Bonnardot, F and Jones, A and Potempski, S and Robertson, L and Martet, M},
  journal={Atmospheric Environment},
  volume={44},
  number={29},
  pages={3558--3567},
  year={2010},
  publisher={Elsevier}
}
@article{galmarini2004ensemble,
  title={Ensemble dispersion forecasting—Part II: application and evaluation},
  author={Galmarini, S and Bianconi, R and Addis, R and Andronopoulos, S and Astrup, P and Bartzis, JC and Bellasio, R and Buckley, R and Champion, H and Chino, M and others},
  journal={Atmospheric Environment},
  volume={38},
  number={28},
  pages={4619--4632},
  year={2004},
  publisher={Elsevier}
}
@article{galmarini2004ensemble,
  title={Ensemble dispersion forecasting—Part I: concept, approach and indicators},
  author={Galmarini, S and Bianconi, R and Klug, W and Mikkelsen, T and Addis, R and Andronopoulos, S and Astrup, P and Baklanov, A and Bartniki, J and Bartzis, JC and others},
  journal={Atmospheric Environment},
  volume={38},
  number={28},
  pages={4607--4617},
  year={2004},
  publisher={Elsevier}
}
@article{potempski2008multi,
  title={Multi-model ensemble analysis of the ETEX-2 experiment},
  author={Potempski, S and Galmarini, S and Addis, R and Astrup, Poul and Bader, S and Bellasio, R and Bianconi, R and Bonnardot, F and Buckley, R and D'Amours, R and others},
  journal={Atmospheric Environment},
  volume={42},
  number={31},
  pages={7250--7265},
  year={2008},
  publisher={Elsevier}
}
@article{raftery1997bayesian,
  title={Bayesian model averaging for linear regression models},
  author={Raftery, Adrian E and Madigan, David and Hoeting, Jennifer A},
  journal={Journal of the American Statistical Association},
  volume={92},
  number={437},
  pages={179--191},
  year={1997},
  publisher={Taylor \& Francis Group}
}
%@article{langmann2012volcanic,
%  title={Volcanic ash over Europe during the eruption of Eyjafjallaj{\"o}kull on Iceland, April--May 2010},
%  author={Langmann, Baerbel and Folch, Arnau and Hensch, Martin and Matthias, Volker},
%  journal={Atmospheric Environment},
%  volume={48},
%  pages={1--8},
%  year={2012},
%  publisher={Elsevier}
%}
@article{leith1974theoretical,
  title={Theoretical skill of Monte Carlo forecasts},
  author={Leith, CE},
  journal={Monthly Weather Review},
  volume={102},
  number={6},
  pages={409--418},
  year={1974}
}
@article{zhang1999perturbation,
  title={A perturbation method for hurricane ensemble predictions},
  author={Zhang, Z and Krishnamurti, TN},
  journal={Monthly Weather Review},
  volume={127},
  number={4},
  pages={447--469},
  year={1999}
}
@article{krishnamurti2000multimodel,
  title={Multimodel ensemble forecasts for weather and seasonal climate},
  author={Krishnamurti, Tiruvalam Natarajan and Kishtawal, CM and Zhang, Zhan and LaRow, Timothy and Bachiochi, David and Williford, Eric and Gadgil, Sulochana and Surendran, Sajani},
  journal={Journal of Climate},
  volume={13},
  number={23},
  pages={4196--4216},
  year={2000}
}
@book{smith2013environmental,
  title={Environmental hazards: assessing risk and reducing disaster},
  author={Smith, Keith},
  year={2013},
  publisher={Routledge}
}
@article{bursik1998,
  title={Tephra dispersal. The {P}hysics of {E}xplosive {V}olcanic {E}ruptions},
  author={Gilbert, J.S. and Sparks, R.S.J.},
  journal={Geological Society of London Special Publication},
  volume={145},
  pages={115–144},
  year={1998}
}
@online{IVATF2011,
  author =	 {IVATF},
  title =	 {{I}nternational {V}olcanic {A}sh {T}ask {F}orce ({IVATF}) - {S}econd {M}eeting},
  year =	 2011,
  howpublished =
                  {\url{ http://www.icao.int/safety/meteorology/ivatf/Meeting%20MetaData/IVATF.2.WP.012.2.en.pdf}},
}
@article{webley2013,
  title={Volcanic Ash Cloud Dispersion Models. Chapter 7 in Volcanoes of the North Pacific: Observations from Space.},
  author={Peterson, J. and Webley, P.W. and  D’Amours R. and Servranckx, R. and Stunder, R. and Papp, K.},
  journal={In Press},
  year={2013}
}
@article{berner2011model,
  title={Model uncertainty in a mesoscale ensemble prediction system: Stochastic versus multiphysics representations},
  author={Berner, J and Ha, S-Y and Hacker, JP and Fournier, A and Snyder, C},
  journal={Monthly Weather Review},
  volume={139},
  number={6},
  pages={1972--1995},
  year={2011}
}
@article{berner2008impact,
  title={Impact of a quasi-stochastic cellular automaton backscatter scheme on the systematic error and seasonal prediction skill of a global climate model},
  author={Berner, J and Doblas-Reyes, FJ and Palmer, TN and Shutts, G and Weisheimer, A},
  journal={Philosophical Transactions of the Royal Society A: Mathematical, Physical and Engineering Sciences},
  volume={366},
  number={1875},
  pages={2559--2577},
  year={2008},
  publisher={The Royal Society}
}
@article{plant2008stochastic,
  title={A stochastic parameterization for deep convection based on equilibrium statistics},
  author={Plant, RS and Craig, George C},
  journal={Journal of the Atmospheric Sciences},
  volume={65},
  number={1},
  pages={87--105},
  year={2008}
}
@book{palmer2009stochastic,
  title={Stochastic parametrization and model uncertainty},
  author={Palmer, TN and Buizza, R and Doblas-Reyes, F and Jung, Thomas and Leutbecher, M and Shutts, GJ and Steinheimer, M and Weisheimer, A},
  year={2009},
  publisher={European Centre for Medium-Range Weather Forecasts}
}
@article{palmer2001nonlinear,
  title={A nonlinear dynamical perspective on model error: A proposal for non-local stochastic-dynamic parametrization in weather and climate prediction models},
  author={Palmer, Tim N},
  journal={Quarterly Journal of the Royal Meteorological Society},
  volume={127},
  number={572},
  pages={279--304},
  year={2001},
  publisher={Wiley Online Library}
}
@article{palmer2008introduction,
  title={Introduction. Stochastic physics and climate modelling},
  author={Palmer, TN and Williams, Paul David},
  journal={Philosophical Transactions of the Royal Society A: Mathematical, Physical and Engineering Sciences},
  volume={366},
  number={1875},
  pages={2419--2425},
  year={2008},
  publisher={The Royal Society}
}
@article{shutts2008forcing,
  title={The forcing of large-scale waves in an explicit simulation of deep tropical convection},
  author={Shutts, Glenn},
  journal={Dynamics of Atmospheres and Oceans},
  volume={45},
  number={1},
  pages={1--25},
  year={2008},
  publisher={Elsevier}
}
@article{berner2009spectral,
  title={A spectral stochastic kinetic energy backscatter scheme and its impact on flow-dependent predictability in the ECMWF ensemble prediction system},
  author={Berner, J and Shutts, GJ and Leutbecher, M and Palmer, TN},
  journal={Journal of the Atmospheric Sciences},
  volume={66},
  number={3},
  pages={603--626},
  year={2009}
}
@article{shutts2005kinetic,
  title={A kinetic energy backscatter algorithm for use in ensemble prediction systems},
  author={Shutts, Glenn},
  journal={Quarterly Journal of the Royal Meteorological Society},
  volume={131},
  number={612},
  pages={3079--3102},
  year={2005},
  publisher={Wiley Online Library}
}
@article{buizza1995singular,
  title={The singular-vector structure of the atmospheric global circulation},
  author={Buizza, Roberto and Palmer, TN},
  journal={Journal of the Atmospheric Sciences},
  volume={52},
  number={9},
  pages={1434--1456},
  year={1995}
}
@article{buizza1999stochastic,
  title={Stochastic representation of model uncertainties in the ECMWF ensemble prediction system},
  author={Buizza, Roberto and Milleer, M and Palmer, TN},
  journal={Quarterly Journal of the Royal Meteorological Society},
  volume={125},
  number={560},
  pages={2887--2908},
  year={1999},
  publisher={Wiley Online Library}
}
@inproceedings{adurthi2012conjugate,
  title={The {C}onjugate {U}nscented {T}ransform -- An approach to evaluate multi-dimensional expectation integrals},
  author={Adurthi, Nagavenkat and Singla, Puneet and Singh, Tarunraj},
  booktitle={American Control Conference (ACC), 2012},
  pages={5556--5561},
  year={2012},
  organization={IEEE}
}
@article{dacre2011evaluating,
  title={Evaluating the structure and magnitude of the ash plume during the initial phase of the 2010 {E}yjafjallaj{\"o}kull eruption using lidar observations and {NAME} simulations},
  author={Dacre, HF and Grant, ALM and Hogan, RJ and Belcher, SE and Thomson, DJ and Devenish, BJ and Marenco, F and Hort, MC and Haywood, James M and Ansmann, A and others},
  journal={Journal of Geophysical Research: Atmospheres (1984--2012)},
  volume={116},
  number={D14},
  year={2011},
  publisher={Wiley Online Library}
}
@article{mastin2009,
  title={A multidisciplinary effort to assign realistic source parameters to models of volcanic ash-cloud transport and dispersion during eruptions},
  author={Mastin, LG and Guffanti, M and Servranckx, R and Webley, P and Barsotti, S and Dean, K and Durant, A and Ewert, JW and Neri, A and Rose, WI and others},
  journal={Journal of Volcanology and Geothermal Research},
  volume={186},
  number={1},
  pages={10--21},
  year={2009},
  publisher={Elsevier}
}
@book{kalnay2003atmospheric,
  title={Atmospheric modeling, data assimilation, and predictability},
  author={Kalnay, Eugenia},
  year={2003},
  publisher={Cambridge university press}
}
@book{warner2011numerical,
  title={Numerical weather and climate prediction},
  author={Warner, Thomas T},
  volume={526},
  year={2011},
  publisher={Cambridge University Press Cambridge}
}
@article{kalnay1996ncep,
  title={The {NCEP}/{NCAR} 40-year reanalysis project},
  author={Kalnay, Eugenia and Kanamitsu, Masao and Kistler, Robert and Collins, William and Deaven, D and Gandin, L and Iredell, Mo and Saha, Suranjana and White, Glenn and Woollen, John and others},
  journal={Bulletin of the American meteorological Society},
  volume={77},
  number={3},
  pages={437--471},
  year={1996}
}
@article{gudmundsson2012ash,
  title={Ash generation and distribution from the {A}pril-{M}ay 2010 eruption of {E}yjafjallaj{\"o}kull, {I}celand},
  author={Gudmundsson, Magn{\'u}s T and Thordarson, Thorvaldur and H{\"o}skuldsson, {\'A}rmann and Larsen, Gudr{\'u}n and Bj{\"o}rnsson, Halld{\'o}r and Prata, Fred J and Oddsson, Bj{\"o}rn and Magn{\'u}sson, Eyj{\'o}lfur and H{\"o}gnad{\'o}ttir, Th{\'o}rd{\'\i}s and Petersen, Gu{\dh}r{\'u}n N{\'\i}na and others},
  journal={Scientific reports},
  volume={2},
  year={2012},
  publisher={Nature Publishing Group}
}
@article{webley2012analyzing,
  title={Analyzing the {E}yjafjallaj{\"o}kull 2010 eruption using satellite remote sensing, lidar and {WRF-C}hem dispersion and tracking model},
  author={Webley, PW and Steensen, T and Stuefer, M and Grell, G and Freitas, S and Pavolonis, M},
  journal={Journal of Geophysical Research: Atmospheres (1984--2012)},
  volume={117},
  number={D13},
  year={2012},
  publisher={Wiley Online Library}
}
@article{mann1998wind,
  title={Wind field simulation},
  author={Mann, Jakob},
  journal={Probabilistic engineering mechanics},
  volume={13},
  number={4},
  pages={269--282},
  year={1998},
  publisher={Elsevier}
}
@article{kareem2008numerical,
  title={Numerical simulation of wind effects: a probabilistic perspective},
  author={Kareem, Ahsan},
  journal={Journal of Wind Engineering and Industrial Aerodynamics},
  volume={96},
  number={10},
  pages={1472--1497},
  year={2008},
  publisher={Elsevier}
}


@online{WRF_manual,
  author =	 {UCAR},
  title =	 {{U}ser’s {G}uide for the {A}dvanced {R}esearch
                  {WRF} ({ARW}) {M}odeling {S}ystem {V}ersion 3.4},
  year =	 2012,
  howpublished =
                  {\url{http://www.mmm.ucar.edu/wrf/users/docs/user_guide_V3/contents.html}},
}

@Article{ Amii_Darnell,
  AUTHOR =	 "Darnell, A.R. and Tate, N.J. and Brunsdon, C.",
  JOURNAL =	 "Computers, Environment and Urban Systems",
  PAGES =	 "268-277",
  TITLE =	 "Improving user assessment of error implications in
                  digital elevation models ",
  VOLUME =	 32,
  YEAR =	 2008
}

@Article{ Atkinson2002,
  AUTHOR =	 "Atkinson, P.M.",
  JOURNAL =	 "Transactions in GIS",
  PAGES =	 "1-4",
  TITLE =	 "Surface modelling: {W}hat's the point?",
  VOLUME =	 6,
  YEAR =	 2002
}

@Article{Bae2004,
  AUTHOR =	 "Bae, H. and Grandhi, R.V. and Canfield, R.A.",
  JOURNAL =	 "Reliability engineering and systems safety",
  KEY =		 "ANDE",
  PAGES =	 "215-225",
  TITLE =	 "An approximation approach for uncertainty
                  quantification using evidence theory",
  VOLUME =	 86,
  YEAR =	 2004
}

@Book{Bailey1989,
  author =	 {R.A. Bailey},
  title =	 {Geologic Map of Long Valley Caldera, Mono-Inyo
                  Craters Volcanic Chain and Vicinity, Eastern
                  California},
  publisher =	 {Department of the Interior, Reston, VA (US)},
  year =	 1989,
  key =		 {OSTI ID:5630570}
}

@Article{Bates2000,
  author =	 {P.D. Bates and A.P.J. De Roo},
  title =	 {A simple raster-based model for flood inundation
                  simulation},
  journal =	 {Journal of Hydrology},
  year =	 2000,
  volume =	 236,
  pages =	 {54-77}
}

@Article{Biswas2008,
  author =	 {S. Biswas and S. Ahmad and M.K.I. Molla and
                  K. Hirose and M. Nasser},
  title =	 {Kolomogrov-{S}mirnov Test in Text-Dependent
                  Automatic Speaker Identification},
  journal =	 {Engineering Letter},
  year =	 2008,
  key =		 {16:4 $EL\_16\_4\_01$}
}

@Article{ Bose2006,
  AUTHOR =	 "Bose, D. and Wright, M.",
  JOURNAL =	 "In 38th AIAA Thermophysics Conference
                  (ed. V. Alexandrov et al.)",
  KEY =		 "AIAA 2005-4682",
  PAGES =	 "652-662",
  TITLE =	 "Uncertainty analysis of laminar aeroheating
                  predictions for mars entries",
  YEAR =	 2006
}

@Article{Bu01,
  author =	 { M. Bursik},
  title =	 {Effect of wind on the rise height of volcanic
                  plumes},
  journal =	 {Geophys. Res. Lett.},
  year =	 2001,
  volume =	 18,
  pages =	 {3621--3624}
}

@online{sounding,
  author = {UWYO},
  title = {03005 {L}erwick {O}bservations},
  year = 2012,
   howpublished = {\url{http://weather.uwyo.edu/upperair/sounding.html}},
}

@online{nomadweb,
  author =	 {NCEP},
  title =	 {{GFS} {E}nsemble high resolution documentation},
  year =	 2012,
  howpublished =
                  {\url{http://nomads.ncep.noaa.gov/txt_descriptions/GFS_Ensemble_high_resolution_doc.shtml}},
%url = {http://nomads.ncep.noaa.gov/txt_descriptions/GFS_Ensemble_high_resolution_doc.shtml},
}

@Article{BuKoBu09,
  author =	 {M. Bursik and S. Kobs and A. Burns and O. Braitseva
                  and L. Bazanova and I.  Melekestsev and A. Kurbatov
                  and D. Pieri},
  title =	 {Volcanic plumes and the wind: jetstream interaction
                  examples and implications for air traffic},
  journal =	 {J.  of Volcanology and Geothermal Research},
  year =	 2009,
  volume =	 186,
  pages =	 {60--67}
}

@Article{	  BuPaPi05,
  author =	 "M. Bursik and A. Patra and E. B. Pitman and
                  C. Nichita and J. L. Macias and R. Saucedo and
                  O. Girina",
  title =	 "Advances in Studies of Dense Volcanic Granular
                  Flows",
  journal =	 "Reports on Progress in Physics",
  year =	 2005,
  volume =	 68,
  pages =	 "271--301",
  note =	 "doi:10.1088/0034-4885/68/2/R01"
}

@MastersThesis{Burkett2007,
  author =	 {S.M. Burkett},
  title =	 {Geomorphic Mapping and Petrography of Mammoth
                  Mountain, California},
  school =	 {State University of New York at Buffalo},
  year =	 2007
}

@Article{Chanbey2005,
  author =	 {I. Chanbey and A.S. Cotter and T.A. Costello and
                  T.S. Soerens},
  title =	 {Effect of {DEM} data resolution on {SWAT} output
                  uncertainty},
  journal =	 {Hydrological Processes},
  year =	 2005,
  volume =	 19,
  number =	 3,
  pages =	 {621-628}
}

@PhdThesis{Cochrane1999,
  author =	 {T.A. Cochrane},
  title =	 {Methodologies for watershed modeling with {GIS} and
                  {DEM}s for the parametrization of the {WEPP} model},
  school =	 {Purdue University},
  year =	 1999
}

@Article{ContiOHagan
,
	AUTHOR = "Conti, S. and O'Hagan, A.",
	JOURNAL = "Research Report No. 569/07, Department of Probability and Statistics, University of Sheffield. Submitted to Journal of Statistical Planning and Inference",
	TITLE = "Bayesian emulation of complex multi-output and dynamic computer models",
	adsurl ="http://www.tonyohagan.co.uk/academic/ps/multioutput.ps",
	YEAR="2007"
}

@article{Denlinger2001,
  author =	 {R.P. Denlinger and R.M. Iverson},
  title =	 {Flow of variably fluidized granular masses across
                  three-dimensional terrain 2. Numerical predictions
                  and experimental tests},
  journal =	 {Journal of Geophysical Research},
  year =	 2001,
  volume =	 106,
  pages =	 {553-566},
  doi =		 {10.1029/2000JB900330},
  adsurl =	 {http://adsabs.harvard.edu/abs/2001JGR...106..553D},
  adsnote =	 {Provided by the Smithsonian/NASA Astrophysics Data
                  System}
}

@Article{Desmet1997,
  author =	 {P.J.J. Desmet and G. Grovers},
  title =	 {Comment on Modeling topographic potential for
                  erosion and deposition using {GIS}},
  journal =	 {International Journal of Geographical Information
                  Systems},
  year =	 1997,
  volume =	 11,
  pages =	 {603-610}
}

@Article{ Dudhia2001,
  AUTHOR =	 "Chen, F. and Dudhia, J.",
  JOURNAL =	 "Mon. Weather Rev.",
  PAGES =	 "569-585",
  TITLE =	 "Coupling and advanced land surface-hydrology model
                  with the {P}enn {S}tate-{NCAR MM5} modeling system.
                  {P}art {I}: {M}odel implementation and sensitivity",
  VOLUME =	 129,
  YEAR =	 2001
}

@article{Smith_Galeras,
  author =	 {GVP - Global Volcanism Program},
  year =	 {2012},
  note =	 {
                  Galeras.~~\texttt{http://www.volcano.si.edu/world/volcano.cfm
                  ?vnum=1501-08\=\&volpage=weekly} }

@InProceedings{ Ehlschlaeger_1994,
  AUTHOR =	 "Ehlschlaeger, C. and Goodchild, M.F.",
  BOOKTITLE =	 "Proceedings GIS/LIS'94",
  PAGES =	 "246-253",
  TITLE =	 "Uncertainty in Spatial Data: Defining, Visualizing,
                  and Managing Data Errors",
  YEAR =	 1994
}

@InProceedings{ Ehlschlaeger_1996,
  AUTHOR =	 "Ehlschlaeger, C. and Shortridge, A.",
  BOOKTITLE =	 "Proceedings of the International Symposium on
                  Spatial Data Handling, Delf, Netherlands",
  PAGES =	 "9B.15-9B.25",
  TITLE =	 "Modeling Elevation Uncertainty in Geographical
                  Analysis",
  YEAR =	 1996
}

@Article{ Emil2010,
  AUTHOR =	 "Constantinescu, E. and Zavala, V. and Rocklin,
                  M. and Lee, S. and Anitescu, M.",
  JOURNAL =	 "IEEE Transactions on Power Systems",
  KEY =		 "ANDE",
  TITLE =	 "A Computational Framework for Uncertainty
                  Quantification and Stochastic Optimization in Unit
                  Commitment with Wind Power Generation",
  YEAR =	 2010
}

@TechReport{Farr2007,
  author =	 {T.G. Farr and P.A. Rosen and E. Caro and R. Crippen
                  and R. Duren and S. Hensley and M. Kobrick},
  title =	 {The {S}huttle {R}adar {T}opography {M}ission},
  institution =	 {Jet Propulsion Laboratory},
  year =	 2007
}

@Article{Farrar1995,
  author =	 {C.D. Farrar},
  title =	 {Forest-killing diffuse $CO_2$ emission at Mammoth
                  Mountain as a sign of magmatic unrest},
  journal =	 {Nature},
  year =	 1995,
  volume =	 376,
  pages =	 675
}

@InBook{ Felix_Hebeler,
  AUTHOR =	 "Hebeler, F. and Purves, R.S.",
  CHAPTER =	 "Quality Aspects in spatial Data Mining",
  KEY =		 "BARS",
  PAGES =	 "175-196",
  PUBLISHER =	 "A.Stein, J.Shi $\&$W.Bijker, CRC Press, Boca Raton ",
  TITLE =	 "Modelling {DEM} data uncertainties for {M}onte
                  {C}arlo Simulations of Ice Sheet Models",
  YEAR =	 2008
}

@Article{Fisher_1991,
  AUTHOR =	 "Fisher, P.F.",
  JOURNAL =	 "International Journal of Geographical Information
                  Systems",
  PAGES =	 "193-208",
  TITLE =	 "Modeling soil Map-Unit Inclusions by {M}onte {C}arlo
                  Simulation",
  VOLUME =	 5,
  YEAR =	 1991
}

@Article{Fishman1996,
  author =	 {Fishman, G.S.},
  title =	 {{M}onte {C}arlo: {C}oncepts, {A}lgorithms, and
                  {A}pplications},
  journal =	 {New York: Springer-VerlagNew York, Inc},
  year =	 1996
}

@Article{ Florinsky1998,
  AUTHOR =	 "Florinsky, I.V.",
  JOURNAL =	 "International Journal of Geographical Information
                  Science",
  PAGES =	 "47-61",
  TITLE =	 "Accuracy of local topographic variables derived from
                  digital elevation models",
  VOLUME =	 "12:1",
  YEAR =	 1998
}

@Article{Fujisada2005,
  author =	 {H. Fujisada and G.B. Bailey and G.G. Kelly and
                  S. Hara and M.J. Abrams},
  title =	 {{ASTER} {DEM} Performance},
  journal =	 {IEEE Transactions on Geoscience and Remote Sensing},
  year =	 2005,
  volume =	 43,
  number =	 12
}

@Article{Galas2007,
  author =	 {S. Galas and K. Dalbey and D. Kumar and A.K. Patra
                  and M. Sheridan},
  title =	 {Benchmarking TITAN2D mass flow model against a sand
                  flow experiment and the 1903 Frank slide},
  journal =	 {The 2007 International Forum on Landslide Disaster
                  Management},
  year =	 2007,
  key =		 {ISBN 978-962-7619-30-7},
  volume =	 {Ho \& Li editors}
}

@Article{Goncalves2004,
  author =	 {J.A. Goncalves and A.M. Oliveira},
  title =	 {Accuracy Analysis of {DEM}s derived from {ASTER}
                  imagery},
  journal =	 {ISPRS XX},
  year =	 2004,
  note =	 {Istanbul, Turkey}
}

@Article{ Goodchild_1992,
  AUTHOR =	 "Goodchild, M.F. and Sun, G. and Yang, S.",
  JOURNAL =	 "International Journal of Geographical Informational
                  Systems",
  PAGES =	 "87-104",
  TITLE =	 "Development and Test of an Error model for
                  Categorical Data",
  VOLUME =	 6,
  YEAR =	 1992
}

@Article{ Goodchild_1994,
  AUTHOR =	 "Goodchild, M.F. and Buttenfield, B.P. and Wood, J.",
  JOURNAL =	 "In: Hearshaw HM, Unwin DJ (eds) Visualisation in
                  Geographic Information Systems",
  PAGES =	 "141-149",
  TITLE =	 "Introduction to visualizing data quality",
  YEAR =	 1994
}

@Article{ Green2002,
  AUTHOR =	 "Green, L. and Lin, H. and Khalessi, M.",
  JOURNAL =	 "In 20th AIAA Applied Aerodynamics Conference",
  TITLE =	 "Probabilistic methods for uncertainty propagation
                  applied to aircraft design",
  YEAR =	 2002
}

@Article{ Helton2004,
  AUTHOR =	 "Helton, J.C. and Oberkampf, W.L",
  JOURNAL =	 "Reliability Engineering and System safety",
  PAGES =	 "1-10",
  TITLE =	 "Alternative representations of epistemic
                  uncertainty",
  VOLUME =	 85,
  YEAR =	 2004
}

@Article{Heuvelink1989,
  author =	 {Heuvelink, G.B.M. and Burrough, P.A. and Leenaers,
                  H.},
  title =	 {Propagation of errors in spatial modelling with
                  {GIS}},
  journal =	 {International Journal of Geographical Information
                  Systems},
  year =	 1989,
  volume =	 {3:4},
  number =	 {303-322}
}

@InProceedings{ Heuvelink1990,
  AUTHOR =	 "Heuvelink, G.B.M. and Burrough, P.A. and Leenaers,
                  H.",
  BOOKTITLE =	 "EGIS‚Äô90 Proceedings - First European
                  Conference on Geographical Information Systems (EGIS
                  Foundation: Utrecht, The Netherlands)",
  PAGES =	 "453-462",
  TITLE =	 "Error propagation in spatial modelling with {GIS}",
  YEAR =	 1990,
  NOTE =	 "In Harts J, HFL Ottens $\&$ HJ Scholten (eds.)"
}

@Article{Hooper2003,
  author =	 {D.M. Hooper and M.I. Bursik and F.H. Webb},
  title =	 {Application of high-resolution, interferometric
                  {DEM}s to geomorphic studies of fault scarps, {F}ish
                  {L}ake {V}alley, {N}evada-{C}alifornia, {USA}},
  journal =	 {Remote Sensing of Environment},
  year =	 2003,
  volume =	 84,
  number =	 2,
  pages =	 {255-267}
}

@Article{ Hunter_1995,
  AUTHOR =	 "Hunter, G.J. and Caetano, M. and Goodchild, M.F.",
  JOURNAL =	 "Journal of the Urban and Regional Information
                  Systems Associations",
  PAGES =	 "11-21",
  TITLE =	 "A methodology for reporting uncertainty in spatial
                  database products",
  VOLUME =	 7,
  YEAR =	 1995
}

@Article{ Hunter_Goodchild_1997,
  AUTHOR =	 "Hunter, G.J. and Goodchild, M.F.",
  JOURNAL =	 "Geographical Analysis",
  PAGES =	 "35-49",
  TITLE =	 "Modeling the Uncertainty of Slope and Aspect
                  Estimates Derived From Spatial Databases",
  VOLUME =	 1,
  YEAR =	 1997
}

@Article{Keith,
  author =	 "K. Dalbey and A.K. Patra and E.B. Pitman and
                  M.I. Bursik and M.F. Sheridan",
  title =	 "Input uncertainty propagation methods and hazard
                  mapping of geophysical mass flow",
  journal =	 "Journal of Geophysical Research",
  year =	 2008,
  key =		 "B05203",
  note =	 "doi:10.1029/2006JB004471",
  volume =	 113,
  number =	 " ",
  pages =	 "5203-5219"
}

@InProceedings{Lagacherie1996,
  author =	 {Lagacherie, P. and Moussa, R. and Cormary, D. and
                  Molenat, J.},
  title =	 {Effects of {DEM} data source and sampling pattern on
                  topographical parameters and on a topography-based
                  hydrological model},
  year =	 1996,
  booktitle =	 {HydroGIS 96: Application of Geographic Information
                  Systems in Hydrology and Water Resources Management},
  volume =	 236,
  publisher =	 {Proceedings of the Vienna Conference, April 1996},
  note =	 {IAHS Publ.}
}

@Book{Legorreta2009,
  author =	 {G.Legorreta-Paulin and M.I. Bursik},
  title =	 {Assessment of Landslides Susceptibility},
  publisher =	 {VDM and Co. KG, Saarbrucken, Germany},
  year =	 2009
}

@Book{Lillesand2000,
  author =	 {T.M. Lillesand and R.W. Keifer},
  title =	 {Remote sensing and image interpretation},
  publisher =	 {New York, NY: Wiley},
  year =	 2000,
  edition =	 4
}

@Article{ Lorenz1963,
  AUTHOR =	 "Lorenz, E. N.",
  JOURNAL =	 "J. Atmos. Sci",
  PAGES =	 "130-141",
  TITLE =	 "Deterministic nonperiodical flow",
  VOLUME =	 20,
  YEAR =	 1963
}

@Article{ Lorenz1965,
  AUTHOR =	 "Lorenz, E. N.",
  JOURNAL =	 "Tellus",
  PAGES =	 "320-333",
  TITLE =	 "A study of the predictability of a 28-variable
                  atmospheric model",
  VOLUME =	 17,
  YEAR =	 1965
}

@Article{ Lorenz1969,
  AUTHOR =	 "Lorenz, E. N.",
  JOURNAL =	 "J. Atmos. Sci",
  PAGES =	 "636-646",
  TITLE =	 "Atmospheric predictability as revealed by naturally
                  occurring analogues",
  VOLUME =	 26,
  YEAR =	 1969
}

@Article{MYJ_scheme,
  AUTHOR =	 "Noh, Y. and Cheon, W.G. and Hong, S.-Y. and Raash,
                  S.",
  JOURNAL =	 "Boundary Layer Meteorol.",
  PAGES =	 "401-427",
  TITLE =	 "Improvement of the {K}-profile model for the
                  planetary boundary layer based on large eddy
                  simulation data",
  VOLUME =	 107,
  YEAR =	 2003
}

@Article{ Mathelin2005,
  AUTHOR =	 "Mathelin, L. and Hussaini, M. and Zhang, T.",
  JOURNAL =	 "Numerical Algorithms",
  PAGES =	 "209-236",
  TITLE =	 "Stochastic approaches to uncertainty quantification
                  in cfd simulations",
  VOLUME =	 "38-1",
  YEAR =	 2005
}

@Article{Matthies2008,
  AUTHOR =	 "Matthies, H.G.",
  JOURNAL =	 "Z.Angew.Math.Mech.88",
  PAGES =	 "849-873",
  TITLE =	 "Stochastic finite elements: {C}omputational
                  approaches to stochastic partial differential
                  equations",
  VOLUME =	 11,
  YEAR =	 2008,
  note =	 "doi: 10.1002/zamm.200800095"
}

@Article{Mitasova1996,
  author =	 {H. Mitasova and J.Hofierka and M. Zlocha and
                  L.R. Iverson},
  title =	 {Modeling topographic potential for errosion and
                  deposition using {GIS}},
  journal =	 {International Journal of Geographical Information
                  Systems},
  year =	 1996,
  volume =	 10,
  pages =	 {629-641}
}

@Article{Mouginis-Mark2005,
  author =	 {P.J. Mouginis-Mark and H. Garbeil},
  title =	 {Quality of {TOPSAR} topographic data for volcanology
                  studies at {K}ilauea {V}olcano, Hawaii: An
                  assessment using airborne lidar data},
  journal =	 {Remote Sensing of Environment},
  year =	 2005,
  volume =	 96,
  pages =	 {149-164}
}

@PhdThesis{Namikawa2006,
  author =	 {L.M. Namikawa},
  title =	 {Multiple represenatations of elevation for dynamic
                  process modeling},
  school =	 {University at Buffalo},
  year =	 2006
}

@PhdThesis{Oksanen2006,
  author =	 {Oksanen, J.},
  title =	 {{D}igital {E}levation {Model} error in terrain
                  analysis},
  school =	 {Faculty of Science, University of Helsinki},
  year =	 2006
}

@Article{Patra2005,
  AUTHOR =	 "Patra, A.K. and Bauer, A.C. and Nichita, C.  and
                  Pitman, E.B. and Sheridan, M. F. and Bursik,M. and
                  Rupp,B. and Webber, A.  and Namikawa, L. and
                  Renschler, C.",
  JOURNAL =	 "Journal of Volcanology and Geothermal Research",
  PAGES =	 "1-21",
  TITLE =	 "Parallel Adaptive Numerical Simulation of Dry
                  Avalanches over Natural Terrain",
  VOLUME =	 139,
  YEAR =	 2005
}

@Article{ Proctor2010,
  AUTHOR =	 "Procter, J.N. and Cronin, S.J. and Fuller, I.C. and
                  M. Sheridan, M.F. and Neall, V.E. and Keys, H.",
  JOURNAL =	 "Geomorphology",
  KEY =		 "doi:10.1016/j.geomorph.2009.10.016",
  PAGES =	 "162-174",
  TITLE =	 " Lahar hazard assessment using {TITAN2D} for an
                  alluvial fan with rapidly changing geomorphology:
                  Whangaehu River, Mt. Ruapehu",
  VOLUME =	 "116(1-2)",
  YEAR =	 2010
}

@Article{Qihao_Weng,
  AUTHOR =	 "Weng, Q.",
  JOURNAL =	 "In: Advances in Spatial Data Handling",
  PUBLISHER =	 "edited by D. Richardson and P. van Oosterom,
                  Spring-Verlang, New York",
  PAGES =	 "403-418",
  TITLE =	 "Quantifying uncertainty of digital elevation models
                  derived from topographic maps",
  YEAR =	 2002
}

@Article{ Rougier2008,
  AUTHOR =	 "Rougier, J.",
  JOURNAL =	 "Journal of Computational and Graphical Statistics",
  PAGES =	 "827-843",
  TITLE =	 " Efficient emulators for multivariate deterministic
                  functions",
  VOLUME =	 "17(4)",
  YEAR =	 2008
}

@Article{ Sacks1989,
  AUTHOR =	 "Sacks, J. and Welch, W.J. and Mitchell, T.J. and
                  Wynn, H.P.",
  JOURNAL =	 "Statistical Science",
  PAGES =	 "409-435",
  TITLE =	 " Design and Analysis of Computer Experiments",
  VOLUME =	 "4(4)",
  YEAR =	 1989
}

@TechReport{Sandia2002,
  author =	 {Helton, J.C. and Davis, F.J.},
  title =	 {{L}atin {H}ypercube {S}ampling and the {P}ropagation
                  of {U}ncertainty in {A}nalyses of {C}omplex
                  {S}ystems},
  institution =	 {Sandia National Laboratories},
  year =	 2002
}

@Article{Savage1989,
  author =	 {S.B. Savage and K. Hutter},
  title =	 {The motion of a finite mass of granular material
                  down a rough incline},
  journal =	 {Journal of Fluid Mechanics},
  year =	 1989,
  volume =	 199,
  pages =	 {177-215}
}

@article{Searcy1998,
  author =	 "C. Searcy and K.G. Dean and B. Stringer",
  title =	 "{PUFF}: A high-resolution volcanic ash tracking
                  model",
  journal =	 "J. Volcanology and Geothermal Research",
  year =	 1998,
  volume =	 80,
  pages =	 "1--16",
}

@MastersThesis{Shaffer2006,
  author =	 {W. J. Shaffer},
  title =	 {Evaluation of the {S}huttle {R}adar {T}opography
                  {M}ission digital elevation model and application to
                  the modeling of permanent deformation },
  school =	 {State University of New York at Buffalo},
  year =	 2006
}

@Article{ Shearer_1990,
  AUTHOR =	 "Shearer, J.W.",
  JOURNAL =	 "In: Petrie, G., Kennie, T.J.M. (Eds.) Terrain
                  Modelling in Surveying and Civil Engineering",
  PAGES =	 "315-336",
  TITLE =	 "The accuracy of digital terrain models",
  PUBLISHER =	 "Whittles: London",
  YEAR =	 1990
}

@Article{ Sheridan2010,
  AUTHOR =	 "Sheridan, M.F. and Patra, A.K. and Dalbey, K. and
                  Hubbard, B",
  JOURNAL =	 " in Groppelli G. and Viereck-Goette, L., editors,
                  Stratigraphy and Geology of Volcanic Areas ,
                  Geological Society of America Special Paper",
  KEY =		 " doi: 10.1130/2010.2464(14)",
  PAGES =	 "281-291",
  TITLE =	 "Probabilistic digital hazard maps for avalanches and
                  massive pyroclastic flows using {TITAN2D}",
  VOLUME =	 464,
  YEAR =	 2010
}

@Article{ Shortridge2001,
  AUTHOR =	 "Shortridge, A.",
  JOURNAL =	 "Spatial Uncertainty in Ecology: Implications for
                  Remote Sensing and GIS Applications (Springer: New
                  York, NY)",
  PAGES =	 "238-257",
  TITLE =	 "Characterizing uncertainty in digital elevation
                  models",
  VOLUME =	 6,
  YEAR =	 2001,
  NOTE =	 "In Hunsaker CT, MF Goodchild, MA Friedl $\&$ TJ Case
                  (eds)"
}

@Article{Skamarock2005,
  AUTHOR =	 "Skamarock, W. and Klemp, J.B. and Dudhia, J. and
                  Gill, D.O. and Barker, D.M. and Wang, W. and Powers,
                  J.G.",
  TITLE =	 "A {D}escription of the {A}dvanced {R}esearch {WRF}
                  {V}ersion 2",
  YEAR =	 2005
}

@Article{Takahashi2000,
  author =	 {T. Takahashi and H. Tsujimoto},
  title =	 {A mechanical model for {M}erapi-type pyroclastic
                  flow},
  journal =	 {Journal of Volcanology and Geothermal Research },
  year =	 2000,
  volume =	 98,
  pages =	 {91-115}
}

@Article{ Toth1993,
  AUTHOR =	 "Toth, Z. and Kalnay, E.",
  JOURNAL =	 "Bull. Amer. Meteor. Soc.",
  PAGES =	 "2317-2330",
  TITLE =	 "Ensemble forecasting at {NMC}: {T}he generation of
                  perturbations",
  VOLUME =	 74,
  YEAR =	 1993
}

@Article{ Toth1997,
  AUTHOR =	 "Toth, Z. and Kalnay, E.",
  JOURNAL =	 "Mon. Wea. Rev",
  KEY =		 "ANDE",
  PAGES =	 "3292-3302",
  TITLE =	 "Ensemble forecasting at NCEP and the breeding
                  method",
  VOLUME =	 126,
  YEAR =	 1997
}

@Article{ VanNiel2004,
  AUTHOR =	 "Van Niel, K.P. and Laffan, S.W. and Less, B.G.",
  JOURNAL =	 "Journal of Vegetation Science",
  PAGES =	 "747-756",
  TITLE =	 "Effect of error in the DEM on environmental
                  variables for predictive vegetation modelling",
  VOLUME =	 "15:6",
  YEAR =	 2004
}

@Article{Wechsler2006,
  AUTHOR =	 "Wechsler, S. and Kroll, C.",
  JOURNAL =	 "Photogrammetric Engineering $\&$ Remote Sensing",
  PAGES =	 "108-1090",
  TITLE =	 "Quantifying {DEM} Uncertainty and its effects on
                  topographic parameters",
  VOLUME =	 72,
  YEAR =	 2006
}

@Article{Wei2008,
  AUTHOR =	 "Wei, M. and Toth, Z. and Wobus, R. and Zhu, Y. ",
  JOURNAL =	 "Tellus",
  PAGES =	 "60-79",
  TITLE =	 "Initial perturbations based on the ensemble
                  transform ({ET}) technique in the {NCEP} global
                  operational forecast system",
  VOLUME =	 "60A",
  YEAR =	 2008
}

@Article{Wise2007,
  author =	 {S.M. Wise},
  title =	 {Effect of differing DEM creation methods on the
                  results from a hydrological model},
  journal =	 {Computers \& Geosciences},
  year =	 2007,
  volume =	 33,
  number =	 {1351-1365}
}

@Article{WoBu91,
  author =	 "Andrew W. Woods and Marcus I. Bursik",
  title =	 "Particle fallout, thermal disequilibrium and
                  volcanic plumes",
  journal =	 "Bulletin of Volcanology",
  volume =	 53,
  number =	 7,
  pages =	 "559--570",
  year =	 1991,
  note =	 "Coordinates: N461200N461200W1221100W1221100"
}

@Article{Wolock1994,
  author =	 {D.M. Wolock and C.V. Price},
  title =	 {Effects of digital elevation model map scale and
                  data resolution on a topography-based watershed
                  model},
  journal =	 {Water Resources Research},
  year =	 1994,
  volume =	 30,
  number =	 11,
  pages =	 {3041-3052}
}

@Article{ Xiu2003,
  AUTHOR =	 "Xiu, D. and Karniadakis, G. E.",
  JOURNAL =	 "SIAM Journal on Scientific Computing",
  PAGES =	 "619-644",
  TITLE =	 "The {W}iener-{A}skey polynimial chaos for stochastic
                  differential equations",
  VOLUME =	 24,
  YEAR =	 2002
}

@Article{Zhang1994,
  author =	 {W.H. Zhang and D.R. Montgomery},
  title =	 {Digital elevation model grid size, landscape
                  representation and hydrologic simulations},
  journal =	 {Water Resources Research},
  year =	 1994,
  volume =	 30,
  number =	 4,
  pages =	 {1019-1028}
}

@Article{Zhang2008,
  author =	 {J.X. Zhang and K.T. Chang and J.Q. Wu},
  title =	 {Effects of {DEM} resolution and source on soil
                  erosion modelling: a case study using the {WEPP}
                  model},
  journal =	 {International Journal of Geographical Information
                  Science},
  year =	 2008,
  volume =	 22,
  number =	 8,
  pages =	 {925-942}
}

@Article{ Zimmermann1996,
  AUTHOR =	 "Zimmermann, H.",
  JOURNAL =	 "3rd edn. Kluwe Academic Publishers",
  TITLE =	 "Fuzzy set theory and its applications",
  VOLUME =	 9,
  YEAR =	 1996
}

@Article{ baxter1997,
  AUTHOR =	 "Baxter, P.J. and Gresham, A.",
  JOURNAL =	 "Journal of Volcanology and Geothermal Research",
  PAGES =	 "325-338",
  TITLE =	 "Deaths and injuries in the eruption of {G}aleras
                  {V}olcano, {C}olombia, 14 {J}anuary 1993",
  VOLUME =	 77,
  YEAR =	 1997
}

@Article{ bayarriusc,
  AUTHOR =	 "Bayarri, M.J. and Berger, J.O. and Calder, E. and
                  Dalbey, K. and Lunagomez, S. and Patra, A.K. and
                  Pitman, E.B. and Spiller, E.T.  and Wolper, R.L.",
  JOURNAL =	 "to appear Technometrics",
  TITLE =	 "Using statistical and computer models to quantify
                  volcanic hazards",
  YEAR =	 2010
}

@Article{blm1tutor,
  AUTHOR =	 "Goldstein, M.",
  JOURNAL =	 "Part 1 of 3 of online tutorial, website:",
  TITLE =	 "Bayes linear methods {I} adjusting beliefs: Concepts
                  and properties",
  adsurl =	 {http://maths.dur.ac.uk/stats/bd},
  YEAR =	 2007
}

@Article{ bv_final,
  AUTHOR =	 "Bursik, M. and Jones, M. and Carn, C. and Dean,
                  K. and Patra, A. and Pavolonis, M. and Pitman,
                  E. and Singh, T. and Singla, P. and Webley, P. and
                  Bjornsson, H. and Ripepe, M.",
  JOURNAL =	 "Bull Volcanol",
  KEY =		 "DOI 10.1007/s00445-012-0665-2",
  TITLE =	 "Estimation and propagation of volcanic source
                  parameter uncertainty in an ash transport and
                  dispersal model: application to the
                  {E}yjafjallajokull plume of 14 - 16 {A}pril 2010",
  VOLUME =	 74,
  pages =	 {2321--2338},
  YEAR =	 2012
}

@Article{ calvache1997,
  AUTHOR =	 "Calvache, M. and Cortes, G.P. and Williams, S.N.",
  JOURNAL =	 "Journal of Volcanology and Geothermal Research",
  PAGES =	 "5-19",
  TITLE =	 "Stratigraphy and chronology of the {G}aleras
                  volcanic complex, {C}olombia",
  VOLUME =	 77,
  YEAR =	 1997
}

@Article{ calvache_1990a,
  AUTHOR =	 "Calvache, M.",
  JOURNAL =	 "Msc. Thesis. Louisiana State University",
  TITLE =	 "Geology and Volcanology of the Recent Evolution of
                  {G}aleras {V}olcano, {C}olombia",
  PAGES =	 171,
  YEAR =	 1990
}

@Article{ calvache_1990b,
  AUTHOR =	 "Calvache, M.",
  JOURNAL =	 "M.S. Thesis, Louisiana State Univ., Baton Rouge, LA",
  PAGES =	 171,
  TITLE =	 "Geology and Volcanology of the Recent Evolution of
                  Galeras Volcano, Colombia",
  YEAR =	 1990
}

@Article{ consultatorias,
  AUTHOR =	 "I.P.C.Consultatorias",
  JOURNAL =	 "Sistema Nacional de Emergencias de {C}olombia. (In
                  {S}panish)",
  TITLE =	 "Plan de Accion Especifico",
  YEAR =	 2007
}

@Article{ dalbeythesis,
  AUTHOR =	 "Dalbey, K.",
  JOURNAL =	 "PhD thesis, Department of Mechanical and Aerospace
                  Engineering, University at Buffalo",
  TITLE =	 "Predictive Simulation and Model Based Hazard Maps of
                  Geophysical Mass Flows",
  YEAR =	 2009
}

@Article{ hanke:dfwudc,
  AUTHOR =	 "Author, A. and Author, B.",
  JOURNAL =	 "Some Journal",
  KEY =		 "ANDE",
  PAGES =	 "275-308",
  TITLE =	 "Random Thoughts",
  VOLUME =	 9,
  YEAR =	 1992
}

@Article{ hurtado_1997,
  AUTHOR =	 "Hurtado, A. and Cortes, G.P.",
  JOURNAL =	 "Journal of Volcanology and Geothermal Research",
  PAGES =	 "89-100",
  TITLE =	 "Third version of the hazard map of {G}aleras
                  {V}olcano, {C}olombia",
  VOLUME =	 77,
  YEAR =	 1997
}

@Article{kennedy2001bcc,
  AUTHOR =	 "Kennedy, M.C. and O'Hagan, A.",
  JOURNAL =	 "Journal of the Royal Statistical Society: Series B
                  (Statistical Methodology",
  PAGES =	 "425--464",
  TITLE =	 "Bayesian calibration of computer models",
  VOLUME =	 63,
  NUMBER =	 3,
  YEAR =	 2001
}

@Article{ murcia_2010,
  AUTHOR =	 "Murcia, H.F. and Sheridan, M.F. and Macias, J.L. and
                  Cortes, G.P.",
  JOURNAL =	 "Journal of South American Earth Sciences",
  PAGES =	 "161-170",
  TITLE =	 "{TITAN2D} simulations of pyroclastic flows at
                  {C}erro {M}achin {V}olcano, {C}olombia: {H}azard
                  implications",
  VOLUME =	 29,
  YEAR =	 2010
}

@Article{ narvaez_1997,
  AUTHOR =	 "Narvaez, L. and Torres, R. and Gomez, D. and Cortes,
                  G.P.  and Cepeda, H. and Stix, J.",
  JOURNAL =	 "Journal of Volcanology and Geothermal Research",
  PAGES =	 "159-171",
  TITLE =	 "Tornillo-type seismic signals at {G}aleras volcano,
                  {C}olombia, 1992--1993",
  VOLUME =	 77,
  YEAR =	 1997
}

@Article{ohagan2006bac,
  AUTHOR =	 "O'Hagan, A.",
  JOURNAL =	 "Reliability Engineering and System Safety ",
  PAGES =	 "1290--1300",
  TITLE =	 "Bayesian analysis of computer code outputs: A
                  tutorial",
  VOLUME =	 91,
  NUMBER =	 "10-11",
  YEAR =	 2006
}

@Article{ordones_2000,
  AUTHOR =	 "Ordo\~nez-Villota, M. and Jentzsch, G.",
  JOURNAL =	 "Ingeominas Internal Report (in {S}panish)",
  TITLE =	 "Mediciones {GPS} como Topografia Basica para el
                  Estudio de Microgravedad en el {V}olc\'an {G}aleras,
                  {C}olombia",
  YEAR =	 2000
}

@Article{ripepe,
  author =	 {Maurizio Ripepe and Silvio De Angelis and Giorgio
                  Lacanna and Barry Voight},
  title =	 {Observation of infrasonic and gravity waves at
                  Soufriere Hills Volcano, Montserrat},
  journal =	 {Geophysical Research Letters},
  year =	 2010,
  volume =	 37,
  pages =	 {L00E14},
  note =	 {doi:10.1029/2010GL042557}
}

@Article{ sheridan_2005,
  AUTHOR =	 "Sheridan, M.F. and Stinton, A.J. and Patra, A. and
                  Pitman, E.B. and Bauer, A. and Nichita, C.C.",
  JOURNAL =	 "Journal of Volcanology and Geothermal Research",
  PAGES =	 "275-308",
  TITLE =	 "Evaluating {TITAN2D} mass-flow model using the 1963
                  {L}ittle {T}ahoma {P}eak avalanches, {M}ount
                  {R}ainier, {W}ashington",
  VOLUME =	 139,
  YEAR =	 2005
}

@Article{ sheridan_2010,
  AUTHOR =	 "Sheridan, M.F. and Patra, A.K. and Dalbey, K. and
                  Hubbard, B.",
  JOURNAL =	 "in Groppelli, G., and Viereck-Goette, L., eds.,
                  Stratigraphy and Geology of Volcanic Areas:
                  Geological Society of America Special Paper",
  PAGES =	 "In press",
  TITLE =	 "Probabilistic digital hazard maps for avalanches and
                  massive pyroclastic flows using {TITAN2D}",
  VOLUME =	 464,
  YEAR =	 2010
}

@Article{ simpson1,
  AUTHOR =	 "Simpson, T.W and Poplinski, J.D. and Koch, P.N and
                  Allen, J.K",
  JOURNAL =	 " Engineering with Computers",
  NUMBER =	 2,
  TITLE =	 "Metamodels for Computer-based Engineering Design:
                  Survey and recommendations",
  VOLUME =	 17,
  YEAR =	 2001
}

@Article{simpson2
,
	AUTHOR = "Clarke, S.M. and Griebsch, J.H. and Simpson, T.W.",
	JOURNAL = "Journal of Mechanical Design",
	PAGES = "1077-1088",
	TITLE = "Analysis of Support Vector Regression for Approximation of Complex Engineering Analyses",
	NUMBER="6",
	DOI="10.1115/1.1897403",
	VOLUME = "127",
	YEAR = "2005"
}

@Article{stefanescu1,
  author =	 {E.R. Stefanescu and M. Bursik and A.K. Patra},
  title =	 {Effect of digital elevation model on geophysical
                  flow model output},
  journal =	 {Natural Hazards},
  year =	 2012,
  note =	 {in press}
}

@InProceedings{stefanescu2,
  AUTHOR =	 "Stefanescu, E.R. and Bursik, M. and Dalbey, K. and
                  Jones, M. and Patra, A.K. and Pitman, E.B.",
  BOOKTITLE =	 "submitted to International Congress on Environmental
                  Modelling and Software",
  TITLE =	 "{DEM} uncertainty and hazard analysis using a
                  geophysical flow model",
  YEAR =	 2010
}

@InProceedings{stefanescu3,
  AUTHOR =	 "Stefanescu, E.R. and Bursik, M. and Cordoba, G. and
                  Patra, A.K. and Pieri, D.C. and Sheridan, M.F.",
  BOOKTITLE =	 "submitted to International Congress on Environmental
                  Modelling and Software",
  TITLE =	 "Impact of {DEM} uncertainty on {TITAN2D} flow model
                  output, Galeras Volcano, Colombia",
  YEAR =	 2010
}

@Article{stefanescuPRS2012,
  author =	 {Stefanescu, E.R. and Bursik, M. and Cordoba, G. and
                  Dalbey, K. and Jones, M.D.  and Patra, A.K. and
                  Pieri, D.C. and Pitman, E.B. and Sheridan, M.F.},
  title =	 {Digital {E}levation {M}odel ({DEM}) uncertainty and
                  hazard analysis using a geophysical flow mode},
  journal =	 {Proceedings of Royal Society A},
  year =	 2012,
  note =	 {in press}
}

@Article{ stinton_2006,
  AUTHOR =	 "Stinton, A.J. and Sheridan, M.F. and Patra, A. and
                  Dalbey, K. and Namikawa, L.",
  JOURNAL =	 "Acta Vulcanologica",
  PAGES =	 "153-163",
  TITLE =	 "Incorporation of variable bed friction into
                  {TITAN2D} mass-flow model: {A}pplication to {L}ittle
                  {T}ahoma {P}eak avalanche ({W}ashington)",
  VOLUME =	 "16(1-2)",
  YEAR =	 2006
}
