@Article{ hanke:dfwudc,
	AUTHOR = "Author, A. and Author, B.",
	JOURNAL = "Some Journal",
	KEY = "ANDE",
	PAGES = "275-308",
	TITLE = "Random Thoughts",
	VOLUME = "9",
	YEAR = "1992"
}
@Article{nobile2008sparse,
  title="A sparse grid stochastic collocation method for partial differential equations with random input data",
  author="Nobile, Fabio and Tempone, Ra{\'u}l and Webster, Clayton G",
  journal="SIAM Journal on Numerical Analysis",
  volume="46",
  number="5",
  pages="2309--2345",
  year="2008",
  publisher="SIAM"
}
@Article{ganapathysubramanian2007sparse,
  title="Sparse grid collocation schemes for stochastic natural convection problems",
  author="Ganapathysubramanian, Baskar and Zabaras, Nicholas",
  journal="Journal of Computational Physics",
  volume="225",
  number="1",
  pages="652--685",
  year="2007",
  publisher="Elsevier"
}
@article{ma2009adaptive,
  title={An adaptive hierarchical sparse grid collocation algorithm for the solution of stochastic differential equations},
  author={Ma, Xiang and Zabaras, Nicholas},
  journal={Journal of Computational Physics},
  volume={228},
  number={8},
  pages={3084--3113},
  year={2009},
  publisher={Elsevier}
}
@article{griebel1998adaptive,
  title={Adaptive sparse grid multilevel methods for elliptic PDEs based on finite differences},
  author={Griebel, Michael},
  journal={Computing},
  volume={61},
  number={2},
  pages={151--179},
  year={1998},
  publisher={Springer}
}
@article{garcke2000computation,
  title={On the computation of the eigenproblems of hydrogen and helium in strong magnetic and electric fields with the sparse grid combination technique},
  author={Garcke, Jochen and Griebel, Michael},
  journal={Journal of Computational Physics},
  volume={165},
  number={2},
  pages={694--716},
  year={2000},
  publisher={Elsevier}
}

@article{Smith_Galeras,
author = {GVP - Global Volcanism Program},
year = {2012},
note = { Galeras.~~\texttt{http://www.volcano.si.edu/world/volcano.cfm ?vnum=1501-08\=\&volpage=weekly}
}

@article{Smith_Mammoth,
author = {GVP - Global Volcanism Program},
year={2012},
note = {Volcanoes of {C}anada and the {W}estern {USA}.~~\texttt{ http://www.volcano.si.edu/world/region.cfm?rnum\=1203}
}

@article{Wes2004169,
title = "Volcanological perspectives on Long Valley, Mammoth Mountain, and Mono Craters: several contiguous but discrete systems",
journal = "Journal of Volcanology and Geothermal Research",
volume = "136",
number = "3--4",
pages = "169 - 198",
year = "2004",
note = "",
issn = "0377-0273",
doi = "10.1016/j.jvolgeores.2004.05.019",
url = "http://www.sciencedirect.com/science/article/pii/S0377027304001635",
author = "Wes and Hildreth",
keywords = "magmatism",
keywords = "rhyolites",
keywords = "calderas",
keywords = "Long Valley",
keywords = "Mammoth Mountain",
keywords = "volcanic fields"
}

@Article{ McKay1979,
	AUTHOR = "McKay, M.D. and Beckman, R.J. and Conover, W.J. ",
	JOURNAL = "Technometrics",
	PAGES = "239-245",
	TITLE = "A Comparison of Three Methods for Selecting Values of 
	Input Variables in the Analysis of Output from a Computer Code",
	VOLUME = "21(2)",
	YEAR = "1979"
}

@Article{ Sacks1989,
	AUTHOR = "Sacks, J. and Welch, W.J. and Mitchell, T.J. and Wynn, H.P.",
	JOURNAL = "Statistical Science",
	PAGES = "409-435",
	TITLE = " Design and Analysis of 
Computer Experiments",
	VOLUME = "4(4)",
	YEAR = "1989"
}

@Article{ Rougier2008,
	AUTHOR = "Rougier, J.",
	JOURNAL = "Journal of Computational and Graphical Statistics",
	PAGES = "827-843",
	TITLE = " Efficient emulators for multivariate deterministic functions",
	VOLUME = "17(4)",
	YEAR = "2008"
}
@Article{ Proctor2010,
	AUTHOR = "Procter,  J.N. and Cronin, S.J. and Fuller, I.C. and M. Sheridan, M.F. and Neall, V.E. and Keys, H.",
	JOURNAL = "Geomorphology",
	KEY = "doi:10.1016/j.geomorph.2009.10.016",
	PAGES = "162-174",
	TITLE = " Lahar hazard assessment using {TITAN2D} for an alluvial fan with rapidly changing geomorphology: Whangaehu River, Mt. Ruapehu",
	VOLUME = "116(1-2)",
	YEAR = "2010"
}
@Article{ Sheridan2010,
	AUTHOR = "Sheridan, M.F. and Patra, A.K. and Dalbey, K. and Hubbard, B",
	JOURNAL = " in Groppelli G. and Viereck-Goette,  L., editors, Stratigraphy and Geology of Volcanic Areas , Geological Society of America Special Paper",
	KEY = " doi: 10.1130/2010.2464(14)",
	PAGES = "281-291",
	TITLE = "Probabilistic digital hazard maps for avalanches and massive pyroclastic flows using {TITAN2D}",
	VOLUME = "464",
	YEAR = "2010"
}
@Article{blm1tutor,
    AUTHOR = "Goldstein, M.",
    JOURNAL = "Part 1 of 3 of online tutorial, website:",
    TITLE = "Bayes linear methods {I} adjusting beliefs: Concepts and properties",
    adsurl = {http://maths.dur.ac.uk/stats/bd},
    YEAR = "2007"		
}
@Article{kennedy2001bcc,
    AUTHOR = "Kennedy, M.C. and O'Hagan, A.",
    JOURNAL = "Journal of the Royal Statistical Society: Series B (Statistical
  Methodology",
    PAGES = "425--464",
    TITLE = "Bayesian calibration of computer models",
    VOLUME = "63",
    NUMBER= "3",
    YEAR = "2001"
}
@Article{ohagan2006bac,
    AUTHOR = "O'Hagan, A.",
    JOURNAL = "Reliability Engineering and System Safety    ",
    PAGES = "1290 - 1300",
    TITLE = "Bayesian analysis of computer code outputs: A tutorial",
    VOLUME = "91",
    NUMBER= "10-11",
    YEAR = "2006"
}
@Article{ simpson1,
	AUTHOR = "Simpson, T.W and Poplinski, J.D. and Koch, P.N and Allen, J.K",
	JOURNAL = " Engineering with Computers",
	NUMBER = "2",
	TITLE = "Metamodels for Computer-based Engineering Design: Survey and recommendations",
	VOLUME = "17",
	YEAR = "2001"
}
@Article{ bayarriusc,
	AUTHOR = "Bayarri, M.J. and Berger, J.O. and Calder,  E.S. and Dalbey, K. and Lunagomez,  S. and Patra, A.K. and Pitman, E.B. and Spiller, E.T.  and Wolper, R.L.",
	 PAGES = "402 -413",
	JOURNAL = "Technometrics",
	TITLE = "Using statistical and computer models to quantify volcanic hazards",
	VOLUME = "51",
	YEAR = "2009"
	
}
@Article{ContiOHagan ,
	AUTHOR = "Conti, S. and O'Hagan, A.",
	JOURNAL = "Research Report No. 569/07, Department of Probability and Statistics, University of Sheffield. Submitted to Journal of Statistical Planning and Inference",
	TITLE = "Bayesian emulation of complex multi-output and dynamic computer models",
	adsurl ="http://www.tonyohagan.co.uk/academic/ps/multioutput.ps",
	YEAR="2007"
}
@Article{simpson2 ,
	AUTHOR = "Clarke, S.M. and Griebsch, J.H. and Simpson, T.W.",
	JOURNAL = "Journal of Mechanical Design",
	PAGES = "1077-1088",
	TITLE = "Analysis of Support Vector Regression for Approximation of Complex Engineering Analyses",
	NUMBER="6",
	DOI="10.1115/1.1897403",
	VOLUME = "127",
	YEAR = "2005"
}
@Article{ dalbeythesis,
	AUTHOR = "Dalbey, K.",
	JOURNAL = "PhD thesis, Department of Mechanical and Aerospace Engineering,  University at Buffalo",
	TITLE = "Predictive Simulation and Model Based Hazard Maps of Geophysical Mass Flows",
	YEAR = "2009"
}
@Article{Fishman1996,
  author = 	 {Fishman, G.S.},
  title = 	 {{M}onte {C}arlo: {C}oncepts, {A}lgorithms, and {A}pplications},
  journal = 	 {New York: Springer-VerlagNew York, Inc},
  year = 	 {1996}
}
@TechReport{Sandia2002,
  author = 	 {Helton, J.C. and Davis, F.J.},
  title = 	 {{L}atin {H}ypercube {S}ampling and the {P}ropagation of {U}ncertainty in {A}nalyses of {C}omplex {S}ystems},
  institution =  {Sandia National Laboratories},
  year = 	 {2002}
}

@Article{ Florinsky1998,
	AUTHOR = "Florinsky, I.V.",
	JOURNAL = "International Journal of Geographical Information Science",
	PAGES = "47-61",
	TITLE = "Accuracy of local topographic variables derived from digital elevation models",
	VOLUME = "12:1",
	YEAR = "1998"
}
@PhdThesis{Oksanen2006,
  author = 	 {Oksanen, J.},
  title = 	 {{D}igital {E}levation {Model} error in terrain analysis},
  school = 	 {Faculty of Science, University of Helsinki},
  year = 	 {2006}
}

@Article{ VanNiel2004,
	AUTHOR = "Van Niel, K.P. and Laffan, S.W. and Less, B.G.",
	JOURNAL = "Journal of Vegetation Science",
	PAGES = "747-756",
	TITLE = "Effect of error in the DEM on environmental variables for predictive vegetation modelling",
	VOLUME = "15:6",
	YEAR = "2004"
}
@InProceedings{Lagacherie1996,
  author = 	 {Lagacherie, P. and Moussa, R. and Cormary, D. and Molenat, J.},
  title = 	 {Effects of {DEM} data source and sampling pattern on topographical parameters and on a topography-based hydrological model},
  year = {1996},
  booktitle = {HydroGIS 96: Application of Geographic Information Systems in Hydrology and Water Resources Management},
  volume = 	 {236},
  publisher = {Proceedings of the Vienna Conference, April 1996},
  note = 	 {IAHS Publ.}
}

@Article{Heuvelink1989,
  author = 	 {Heuvelink, G.B.M. and Burrough, P.A. and Leenaers, H.},
  title = 	 {Propagation of errors in spatial modelling with {GIS}},
  journal = 	 {International Journal of Geographical Information Systems},
  year = 	 {1989},
  OPTkey = 	 {},
  volume = 	 {3:4},
  number = 	 {303-322}
}
@InProceedings{ Heuvelink1990,
  AUTHOR =	 "Heuvelink, G.B.M. and Burrough, P.A. and Leenaers, H.",
  BOOKTITLE =	 "EGISâ€™90 Proceedings - First European Conference on Geographical Information Systems (EGIS Foundation: Utrecht, The Netherlands)",
  PAGES =	 "453-462",
  TITLE =	 "Error propagation in spatial modelling with {GIS}",
  YEAR =	 "1990",
  NOTE =  "In Harts J, HFL Ottens $\&$ HJ Scholten (eds.)"
}
@Article{ Shortridge2001,
	AUTHOR = "Shortridge, A.",
	JOURNAL = "Spatial Uncertainty in Ecology: Implications for Remote Sensing and GIS Applications (Springer: New York, NY)",
	PAGES = "238-257",
	TITLE = "Characterizing uncertainty in digital elevation models",
	OPTVOLUME = "6",
	YEAR = "2001",
        NOTE = "In Hunsaker CT, MF Goodchild, MA Friedl $\&$ TJ Case (eds)"
}
@Article{ Atkinson2002,
	AUTHOR = "Atkinson, P.M.",
	JOURNAL = "Transactions in GIS",
	PAGES = "1-4",
	TITLE = "Surface modelling: {W}hat's the point?",
	VOLUME = "6",
	YEAR = "2002"
}
@Article{ Mathelin2005,
	AUTHOR = "Mathelin, L. and Hussaini, M. and Zhang, T.",
	JOURNAL = "Numerical Algorithms",
	PAGES = "209-236",
	TITLE = "Stochastic approaches to uncertainty quantification in cfd simulations",
	VOLUME = "38-1",
	YEAR = "2005"
}
@Article{ Zimmermann1996,
	AUTHOR = "Zimmermann, H.",
	JOURNAL = "3rd edn. Kluwe Academic Publishers",
	TITLE = "Fuzzy set theory and its applications",
	VOLUME = "9",
	YEAR = "1996"
}
@Article{ Xiu2003,
	AUTHOR = "Xiu, D. and Karniadakis, G. E.",
	JOURNAL = "SIAM Journal on Scientific Computing",
	PAGES = "619-644",
	TITLE = "The {W}iener-{A}skey polynimial chaos for stochastic differential equations",
	VOLUME = "24",
	YEAR = "2002"
}
@Article{ Helton2004,
	AUTHOR = "Helton, J.C. and Oberkampf, W.L",
	JOURNAL = "Reliability Engineering and System safety",
	PAGES = "1-10",
	TITLE = "Alternative representations of epistemic uncertainty",
	VOLUME = "85",
	YEAR = "2004"
}
@Article{ Green2002,
	AUTHOR = "Green, L. and Lin, H. and Khalessi, M.",
	JOURNAL = "In 20th AIAA Applied Aerodynamics Conference",
	TITLE = "Probabilistic methods for uncertainty propagation applied to aircraft design",
	YEAR = "2002"
}
@Article{ Bose2006,
	AUTHOR = "Bose, D. and Wright, M.",
	JOURNAL = "In 38th AIAA Thermophysics Conference (ed. V. Alexandrov et al.)",
	KEY = "AIAA 2005-4682",
	PAGES = "652-662",
	TITLE = "Uncertainty analysis of laminar aeroheating predictions for mars entries",
	YEAR = "2006"
}
@Article{Bae2004,
	AUTHOR = "Bae, H. and Grandhi, R.V. and Canfield, R.A.",
	JOURNAL = "Reliability engineering and systems safety",
	KEY = "ANDE",
	PAGES = "215-225",
	TITLE = "An approximation approach for uncertainty quantification using evidence theory",
	VOLUME = "86",
	YEAR = "2004"
}
@Article{Matthies2008,
	AUTHOR = "Matthies, H.G.",
	JOURNAL = "Z.Angew.Math.Mech.88",
	OPTKEY = "",
	PAGES = "849-873",
	TITLE = "Stochastic finite elements: {C}omputational approaches to stochastic partial differential equations",
	VOLUME = "11",
	YEAR = "2008",
        note = "doi: 10.1002/zamm.200800095" 
}
@Article{	  BuPaPi05,
  author	= "M. Bursik and A. Patra and E. B. Pitman and C. Nichita and
		  J. L. Macias and R. Saucedo and O. Girina",
  title		= "Advances in Studies of Dense Volcanic Granular Flows",
  journal	= "Reports on Progress in Physics",
  year		= "2005",
  optkey	= "",
  volume	= "68",
  optnumber	= "",
  pages		= "271--301",
  optmonth	= "",
  note		= "doi:10.1088/0034-4885/68/2/R01",
  optannote	= ""
}
@Article{Patra2005,
  AUTHOR =	 "Patra, A.K. and Bauer, A.C. and Nichita, C.  and
                  Pitman, E.B. and Sheridan, M. F. and Bursik,M. and
                  Rupp,B. and Webber, A.  and Namikawa, L. and
                  Renschler, C.",
  JOURNAL =	 "Journal of Volcanology and Geothermal Research",
  PAGES =	 "1-21",
  TITLE =	 "Parallel Adaptive Numerical Simulation of Dry
                  Avalanches over Natural Terrain",
  VOLUME =	 "139",
  YEAR =	 "2005"
}
@article{Stefanescu2012HZ,
         year={2012},
         issn={0921-030X},
         journal={Natural Hazards},
         volume={62},
         number={2},
         doi={10.1007/s11069-012-0103-y},
         title={Effect of digital elevation model on Mohr-Coulomb geophysical flow model output},
         url={http://dx.doi.org/10.1007/s11069-012-0103-y},
         publisher={Springer Netherlands},
         keywords={DEM; Granular flow; Mammoth Mountain; Titan2D},
         author={Stefanescu, E.R. and Bursik, M. and Patra, A.K.},
         pages={635-656},
         language={English}, }
@Article{ stinton_2006,
  AUTHOR =	 "Stinton, A.J. and Sheridan, M.F. and Patra, A. and
                  Dalbey, K. and Namikawa, L.",
  JOURNAL =	 "Acta Vulcanologica",
  PAGES =	 "153-163",
  TITLE =	 "Incorporation of variable bed friction into {TITAN2D}
                  mass-flow model: {A}pplication to {L}ittle {T}ahoma {P}eak
                  avalanche ({W}ashington)",
  VOLUME =	 "16(1-2)",
  YEAR =	 "2006"
}

@Article{ murcia_2010,
  AUTHOR =	 "Murcia, H.F. and Sheridan, M.F. and Macias,
                  J.L. and Cortes, G.P.",
  JOURNAL =	 "Journal of South American Earth Sciences",
  PAGES =	 "161-170",
  TITLE =	 "{TITAN2D} simulations of pyroclastic flows at {C}erro
                  {M}achin {V}olcano, {C}olombia: {H}azard implications",
  VOLUME =	 "29",
  YEAR =	 "2010"
}
@Article{ sheridan_2005,
  AUTHOR =	 "Sheridan, M.F. and Stinton, A.J. and Patra, A. and
                  Pitman, E.B. and Bauer, A. and Nichita, C.C.",
  JOURNAL =	 "Journal of Volcanology and Geothermal Research",
  PAGES =	 "275-308",
  TITLE =	 "Evaluating {TITAN2D} mass-flow model using the 1963
                  {L}ittle {T}ahoma {P}eak avalanches, {M}ount {R}ainier,
                  {W}ashington",
  VOLUME =	 "139",
  YEAR =	 "2005"
}
@Article{ sheridan_2010,
  AUTHOR =	 "Sheridan, M.F. and Patra, A.K. and Dalbey, K. and
                  Hubbard, B.",
  JOURNAL =	 "in Groppelli, G., and Viereck-Goette, L., eds.,
                  Stratigraphy and Geology of Volcanic Areas:
                  Geological Society of America Special Paper",
  PAGES =	 "In press",
  TITLE =	 "Probabilistic digital hazard maps for avalanches and
                  massive pyroclastic flows using {TITAN2D}",
  VOLUME =	 "464",
  YEAR =	 "2010"
}
@Article{ calvache_1990b,
  AUTHOR =	 "Calvache, M.",
  JOURNAL =	 "M.S. Thesis, Louisiana State Univ., Baton Rouge, LA",
  PAGES =	 "171",
  TITLE =	 "Geology and Volcanology of the Recent Evolution of
                  Galeras Volcano, Colombia",
  YEAR =	 "1990"
}
@Article{ calvache_1990a,
  AUTHOR =	 "Calvache, M.",
  JOURNAL =	 "Msc. Thesis. Louisiana State University",
  TITLE =	 "Geology and Volcanology of the Recent Evolution of
                  {G}aleras {V}olcano, {C}olombia",
  PAGES =	 "171",
  YEAR =	 "1990"
}
@Article{ hurtado_1997,
	AUTHOR = "Hurtado, A. and Cortes, G.P.",
	JOURNAL = "Journal of Volcanology and Geothermal Research",
	PAGES = "89-100",
	TITLE = "Third version of the hazard map of {G}aleras {V}olcano, {C}olombia",
	VOLUME = "77",
	YEAR = "1997"
}
@Article{ consultatorias,
	AUTHOR = "I.P.C.Consultatorias",
	JOURNAL = "Sistema Nacional de Emergencias de {C}olombia. (In {S}panish)",
	TITLE = "Plan de Accion Especifico",
	YEAR = "2007"
}
@Article{ordones_2000,
  AUTHOR =	 "Ordo\~nez-Villota, M. and Jentzsch, G.",
  JOURNAL =	 "Ingeominas Internal Report (in {S}panish)",
  TITLE =	 "Mediciones {GPS} como Topografia Basica para el
                  Estudio de Microgravedad en el {V}olc\'an {G}aleras,
                  {C}olombia",
  YEAR =	 "2000"
}
@Article{ baxter1997,
  AUTHOR =	 "Baxter, P.J. and Gresham, A.",
  JOURNAL =	 "Journal of Volcanology and Geothermal Research",
  PAGES =	 "325-338",
  TITLE =	 "Deaths and injuries in the eruption of {G}aleras
                  {V}olcano, {C}olombia, 14 {J}anuary 1993",
  VOLUME =	 "77",
  YEAR =	 "1997"
}
@Article{ calvache1997,
  AUTHOR =	 "Calvache, M. and Cortes, G.P. and Williams, S.N.",
  JOURNAL =	 "Journal of Volcanology and Geothermal Research",
  PAGES =	 "5-19",
  TITLE =	 "Stratigraphy and chronology of the {G}aleras volcanic
                  complex, {C}olombia",
  VOLUME =	 "77",
  YEAR =	 "1997"
}
@Article{ narvaez_1997,
  AUTHOR =	 "Narvaez, L. and Torres, R. and Gomez, D. and Cortes, G.P.  and Cepeda, H. and Stix, J.",
  JOURNAL =	 "Journal of Volcanology and Geothermal Research",
  PAGES =	 "159-171",
  TITLE =	 "Tornillo-type seismic signals at {G}aleras volcano,
                  {C}olombia, 1992--1993",
  VOLUME =	 "77",
  YEAR =	 "1997"
}
@InBook{ Felix_Hebeler,
  AUTHOR =	 "Hebeler, F. and Purves, R.S.",
  CHAPTER =	 "Quality Aspects in spatial Data Mining",
  KEY =		 "BARS",
  PAGES =	 "175-196",
  PUBLISHER =	 "A.Stein, J.Shi $\&$W.Bijker, CRC Press, Boca Raton ",
  TITLE =	 "Modelling {DEM} data uncertainties for {M}onte {C}arlo
                  Simulations of Ice Sheet Models",
  YEAR =	 "2008"
}
@InProceedings{stefanescu2,
  AUTHOR =	 "Stefanescu, E.R. and Bursik, M. and Dalbey, K. and
                  Jones, M. and Patra, A.K. and Pitman, E.B.",
  BOOKTITLE =	 " Proceedings of the 2010 International Congress on Environmental
                  Modelling and Software",
  TITLE =	 "{DEM} uncertainty and hazard analysis using a
                  geophysical flow model",
  YEAR =	 "2010"
}
@InProceedings{stefanescu3,
  AUTHOR =	 "Stefanescu, E.R. and Bursik, M. and Cordoba, G. and
                  Patra, A.K. and Pieri, D.C. and Sheridan, M.F.",
  BOOKTITLE =	 " Proceedings of the 2010 International Congress on Environmental
                  Modelling and Software",
  TITLE =	 "Impact of {DEM} uncertainty on {TITAN2D} flow model output, Galeras Volcano, Colombia",
  YEAR =	 "2010"
}
@Article{Wechsler2006,
  AUTHOR =	 "Wechsler, S. and Kroll, C.",
  JOURNAL =	 "Photogrammetric Engineering $\&$ Remote Sensing",
  PAGES =	 "108-1090",
  TITLE =	 "Quantifying {DEM} Uncertainty and its effects on
                  topographic parameters",
  VOLUME =	 "72",
  YEAR =	 "2006"
}
@Article{ Shearer_1990,
  AUTHOR =	 "Shearer, J.W.",
  JOURNAL =	 "In: Petrie, G., Kennie, T.J.M. (Eds.) Terrain
                  Modelling in Surveying and Civil Engineering",
  PAGES =	 "315-336",
  TITLE =	 "The accuracy of digital terrain models",
  PUBLISHER =	 "Whittles: London",
  YEAR =	 "1990"
}
@Article{ Goodchild_1994,
  AUTHOR =	 "Goodchild, M.F. and Buttenfield, B.P. and Wood, J.",
  JOURNAL =	 "In: Hearshaw HM, Unwin DJ (eds) Visualisation in
                  Geographic Information Systems",
  PAGES =	 "141-149",
  TITLE =	 "Introduction to visualizing data quality",
  YEAR =	 "1994"
}
@Article{ Hunter_1995,
	AUTHOR = "Hunter, G.J. and Caetano, M. and Goodchild, M.F.",
	JOURNAL = "Journal of the Urban and Regional Information Systems Associations",
	PAGES = "11-21",
	TITLE = "A methodology for reporting uncertainty in spatial database products",
	VOLUME = "7",
	YEAR = "1995"
}
@Article{Qihao_Weng,
	AUTHOR = "Weng, Q.",
	JOURNAL = "In: Advances in Spatial Data Handling",
	PUBLISHER = "edited by D. Richardson and P. van Oosterom, Spring-Verlang, New York",
	PAGES = "403-418",
	TITLE = "Quantifying uncertainty of digital elevation models derived from topographic maps",
	YEAR = "2002"
}
@Article{Fisher_1991,
	AUTHOR = "Fisher, P.F.",
	JOURNAL = "International Journal of Geographical Information Systems",
	PAGES = "193-208",
	TITLE = "Modeling soil Map-Unit Inclusions by {M}onte {C}arlo Simulation",
	VOLUME = "5",
	YEAR = "1991"
}
@Article{ Goodchild_1992,
	AUTHOR = "Goodchild, M.F. and Sun, G. and Yang, S.",
	JOURNAL = "International Journal of Geographical Informational Systems",
	PAGES = "87-104",
	TITLE = "Development and Test of an Error model for Categorical Data",
	VOLUME = "6",
	YEAR = "1992"
}
@InProceedings{ Ehlschlaeger_1996,
  AUTHOR =	 "Ehlschlaeger, C. and Shortridge, A.",
  BOOKTITLE =	 "Proceedings of the International Symposium on
                  Spatial Data Handling, Delf, Netherlands",
  PAGES =	 "9B.15-9B.25",
  TITLE =	 "Modeling Elevation Uncertainty in Geographical
                  Analysis",
  YEAR =	 "1996"
}
@InProceedings{ Ehlschlaeger_1994,
  AUTHOR =	 "Ehlschlaeger, C. and Goodchild, M.F.",
  BOOKTITLE =	 "Proceedings GIS/LIS'94",
  PAGES =	 "246-253",
  TITLE =	 "Uncertainty in Spatial Data: Defining, Visualizing, and Managing Data Errors",
  YEAR =	 "1994"
}
@Article{ Hunter_Goodchild_1997,
  AUTHOR =	 "Hunter, G.J. and Goodchild, M.F.",
  JOURNAL =	 "Geographical Analysis",
  PAGES =	 "35-49",
  TITLE =	 "Modeling the Uncertainty of Slope and Aspect
                  Estimates Derived From Spatial Databases",
  VOLUME =	 "1",
  YEAR =	 "1997"
}
@Article{ Amii_Darnell,
  AUTHOR =	 "Darnell, A.R. and Tate, N.J. and Brunsdon, C.",
  JOURNAL =	 "Computers, Environment and Urban Systems",
  PAGES =	 "268-277",
  TITLE =	 "Improving user assessment of error implications in
                  digital elevation models ",
  VOLUME =	 "32",
  YEAR =	 "2008"
}
@Article{Bates2000,
  author =	 {P.D. Bates and A.P.J. De Roo},
  title =	 {A simple raster-based model for flood inundation
                  simulation},
  journal =	 {Journal of Hydrology},
  year =	 {2000},
  OPTkey =	 {},
  volume =	 {236},
  OPTnumber =	 {},
  pages =	 {54-77},
  OPTmonth =	 {},
  OPTnote =	 {},
  OPTannote =	 {}
}

@Article{Biswas2008,
  author =	 {S. Biswas and S. Ahmad and M.K.I. Molla and
                  K. Hirose and M. Nasser},
  title =	 {Kolomogrov-{S}mirnov Test in Text-Dependent Automatic
                  Speaker Identification},
  journal =	 {Engineering Letter},
  year =	 {2008},
  key =		 {16:4 $EL\_16\_4\_01$},
  OPTvolume =	 {},
  OPTnumber =	 {},
  OPTpages =	 {},
  OPTmonth =	 {},
  OPTnote =	 {},
  OPTannote =	 {}
}

@Article{Zhang1994,
  author =	 {W.H. Zhang and D.R. Montgomery},
  title =	 {Digital elevation model grid size, landscape
                  representation and hydrologic simulations},
  journal =	 {Water Resources Research},
  year =	 {1994},
  OPTkey =	 {},
  volume =	 {30},
  number =	 {4},
  pages =	 {1019-1028},
  OPTmonth =	 {},
  OPTnote =	 {},
  OPTannote =	 {}
}



@Article{Wolock1994,
  author =	 {D.M. Wolock and C.V. Price},
  title =	 {Effects of digital elevation model map scale and
                  data resolution on a topography-based watershed
                  model},
  journal =	 {Water Resources Research},
  year =	 {1994},
  OPTkey =	 {},
  volume =	 {30},
  number =	 {11},
  pages =	 {3041-3052},
  OPTmonth =	 {},
  OPTnote =	 {},
  OPTannote =	 {}
}


@Article{Chanbey2005,
  author = 	 {I. Chanbey and A.S. Cotter and T.A. Costello and T.S. Soerens},
  title = 	 {Effect of {DEM} data resolution on {SWAT} output uncertainty},
  journal = 	 {Hydrological Processes},
  year = 	 {2005},
  OPTkey = 	 {},
  volume = 	 {19},
  number = 	 {3},
  pages = 	 {621-628},
  OPTmonth = 	 {},
  OPTnote = 	 {},
  OPTannote = 	 {}
}


@Article{Zhang2008,
  author =	 {J.X. Zhang and K.T. Chang and J.Q. Wu},
  title =	 {Effects of {DEM} resolution and source on soil erosion
                  modelling: a case study using the {WEPP} model},
  journal =	 {International Journal of Geographical Information
                  Science},
  year =	 {2008},
  OPTkey =	 {},
  volume =	 {22},
  number =	 {8},
  pages =	 {925-942},
  OPTmonth =	 {},
  OPTnote =	 {},
  OPTannote =	 {}
}

@PhdThesis{Cochrane1999,
  author =	 {T.A. Cochrane},
  title =	 {Methodologies for watershed modeling with {GIS} and
                  {DEM}s for the parametrization of the {WEPP} model},
  school =	 {Purdue University},
  year =	 {1999},
  OPTkey =	 {},
  OPTtype =	 {},
  OPTaddress =	 {},
  OPTmonth =	 {},
  OPTnote =	 {},
  OPTannote =	 {}
}


@Article{Mitasova1996,
  author = 	 {H. Mitasova and J.Hofierka and M. Zlocha and L.R. Iverson},
  title = 	 {Modeling topographic potential for errosion and deposition using {GIS}},
  journal = 	 {International Journal of Geographical Information Systems},
  year = 	 {1996},
  OPTkey = 	 {},
  volume = 	 {10},
  OPTnumber = 	 {},
  pages = 	 {629-641},
  OPTmonth = 	 {},
  OPTnote = 	 {},
  OPTannote = 	 {}
}


@Article{Desmet1997,
  author = 	 {P.J.J. Desmet and G. Grovers},
  title = 	 {Comment on Modeling topographic potential for erosion and deposition using {GIS}},
  journal = 	 {International Journal of Geographical Information Systems},
  year = 	 {1997},
  OPTkey = 	 {},
  volume = 	 {11},
  OPTnumber = 	 {},
  pages = 	 {603-610},
  OPTmonth = 	 {},
  OPTnote = 	 {},
  OPTannote = 	 {}
}



@Article{Wise2007,
  author = 	 {S.M. Wise},
  title = 	 {Effect of differing DEM creation methods on the results from a hydrological model},
  journal = 	 {Computers \& Geosciences},
  year = 	 {2007},
  OPTkey = 	 {},
  volume = 	 {33},
  number = 	 {1351-1365},
  OPTpages = 	 {},
  OPTmonth = 	 {},
  OPTnote = 	 {},
  OPTannote = 	 {}
}

@TechReport{Farr2007,
  author =	 {T.G. Farr and P.A. Rosen and E. Caro and R. Crippen
                  and R. Duren and S. Hensley and M. Kobrick},
  title =	 {The {S}huttle {R}adar {T}opography {M}ission},
  institution =	 {Jet Propulsion Laboratory},
  year =	 {2007},
  OPTkey =	 {},
  OPTtype =	 {},
  OPTaddress =	 {},
  OPTmonth =	 {},
  OPTnote =	 {},
  OPTannote =	 {}
}



@Article{Abrams2000,
  author =	 {M. Abrams},
  title =	 {The Advanced Spaceborne Thermal Emission and
                  Reflection Radiometer ({ASTER}): {D}ata Products for the
                  High Spatial Resolution Imager on {NASA}s {T}erra
                  Platform},
  journal =	 {International Journal of Remote Sensing},
  year =	 {2000},
  OPTkey =	 {},
  volume =	 {21},
  number =	 {847-859},
  OPTpages =	 {},
  OPTmonth =	 {},
  OPTnote =	 {},
  OPTannote =	 {}
}


@Article{Fujisada2005,
  author =	 {H. Fujisada and G.B. Bailey and G.G. Kelly and
                  S. Hara and M.J. Abrams},
  title =	 {{ASTER} {DEM} Performance},
  journal =	 {IEEE Transactions on Geoscience and Remote Sensing},
  year =	 {2005},
  OPTkey =	 {},
  volume =	 {43},
  number =	 {12},
  OPTpages =	 {},
  OPTmonth =	 {},
  OPTnote =	 {},
  OPTannote =	 {}
}


@Article{Goncalves2004,
  author = 	 {J.A. Goncalves and A.M. Oliveira},
  title = 	 {Accuracy Analysis of {DEM}s derived from {ASTER} imagery},
  journal = 	 {ISPRS XX},
  year = 	 {2004},
  OPTkey = 	 {},
  OPTvolume = 	 {},
  OPTnumber = 	 {},
  OPTpages = 	 {},
  OPTmonth = 	 {},
  note = 	 {Istanbul, Turkey},
  OPTannote = 	 {}
}



@MastersThesis{Shaffer2006,
  author =	 {W. J. Shaffer},
  title =	 {Evaluation of the {S}huttle {R}adar {T}opography {M}ission
                  digital elevation model and application to the
                  modeling of permanent deformation },
  school =	 {State University of New York at Buffalo},
  year =	 {2006},
  OPTkey =	 {},
  OPTtype =	 {},
  OPTaddress =	 {},
  OPTmonth =	 {},
  OPTnote =	 {},
  OPTannote =	 {}
}



@Article{Mouginis-Mark2005,
  author =	 {P.J. Mouginis-Mark and H. Garbeil},
  title =	 {Quality of {TOPSAR} topographic data for volcanology
                  studies at {K}ilauea {V}olcano, Hawaii: An
                  assessment using airborne lidar data},
  journal =	 {Remote Sensing of Environment},
  year =	 {2005},
  OPTkey =	 {},
  volume =	 {96},
  OPTnumber =	 {},
  pages =	 {149-164},
  OPTmonth =	 {},
  OPTnote =	 {},
  OPTannote =	 {}
}



@Article{Hooper2003,
  author =	 {D.M. Hooper and M.I. Bursik and F.H. Webb},
  title =	 {Application of high-resolution, interferometric {DEM}s
                  to geomorphic studies of fault scarps, {F}ish {L}ake
                  {V}alley, {N}evada-{C}alifornia, {USA}},
  journal =	 {Remote Sensing of Environment},
  year =	 {2003},
  OPTkey =	 {},
  volume =	 {84},
  number =	 {2},
  pages =	 {255-267},
  OPTmonth =	 {},
  OPTnote =	 {},
  OPTannote =	 {}
}


@Book{Bailey1989,
  author =	 {R.A. Bailey},
  OPTALTeditor = {},
  title =	 {Geologic Map of Long Valley Caldera, Mono-Inyo
                  Craters Volcanic Chain and Vicinity, Eastern
                  California},
  publisher =	 {Department of the Interior, Reston, VA (US)},
  year =	 {1989},
  key =		 {OSTI ID:5630570},
  OPTvolume =	 {},
  OPTnumber =	 {},
  OPTseries =	 {},
  OPTaddress =	 {},
  OPTedition =	 {},
  OPTmonth =	 {},
  OPTnote =	 {},
  OPTannote =	 {}
}



@MastersThesis{Burkett2007,
  author =	 {S.M. Burkett},
  title =	 {Geomorphic Mapping and Petrography of Mammoth
                  Mountain, California},
  school =	 {State University of New York at Buffalo},
  year =	 {2007},
  OPTkey =	 {},
  OPTtype =	 {},
  OPTaddress =	 {},
  OPTmonth =	 {},
  OPTnote =	 {},
  OPTannote =	 {}
}



@Article{Farrar1995,
  author =	 {C.D. Farrar},
  title =	 {Forest-killing diffuse $CO_2$ emission at Mammoth
                  Mountain as a sign of magmatic unrest},
  journal =	 {Nature},
  year =	 {1995},
  OPTkey =	 {},
  volume =	 {376},
  OPTnumber =	 {},
  pages =	 {675},
  OPTmonth =	 {},
  OPTnote =	 {},
  OPTannote =	 {}
}



@Article{Savage1989,
  author =	 {S.B. Savage and K. Hutter},
  title =	 {The motion of a finite mass of granular material
                  down a rough incline},
  journal =	 {Journal of Fluid Mechanics},
  year =	 {1989},
  OPTkey =	 {},
  volume =	 {199},
  OPTnumber =	 {},
  pages =	 {177-215},
  OPTmonth =	 {},
  OPTnote =	 {},
  OPTannote =	 {}
}



@Article{Takahashi2000,
  author = 	 {T. Takahashi and H. Tsujimoto},
  title = 	 {A mechanical model for {M}erapi-type pyroclastic flow},
  journal = 	 {Journal of Volcanology and Geothermal Research },
  year = 	 {2000},
  OPTkey = 	 {},
  volume = 	 {98},
  OPTnumber = 	 {},
  pages = 	 {91-115},
  OPTmonth = 	 {},
  OPTnote = 	 {},
  OPTannote = 	 {}
}




@Book{Lillesand2000,
  author = 	 {T.M. Lillesand and R.W. Keifer},
  OPTeditor = 	 {},
  title = 	 {Remote sensing and image interpretation},
  publisher = 	 {New York, NY: Wiley},
  year = 	 {2000},
  OPTkey = 	 {},
  OPTvolume = 	 {},
  OPTnumber = 	 {},
  OPTseries = 	 {},
  OPTaddress = 	 {},
  edition = 	 {4},
  OPTmonth = 	 {},
  OPTnote = 	 {},
  OPTannote = 	 {}
}

@Book{Legorreta2009,
  author = 	 {G.Legorreta-Paulin and M.I. Bursik},
  OPTALTeditor = 	 {},
  title = 	 {Assessment of Landslides Susceptibility},
  publisher = 	 {VDM and Co. KG, Saarbrucken, Germany},
  year = 	 {2009},
  OPTkey = 	 {},
  OPTvolume = 	 {},
  OPTnumber = 	 {},
  OPTseries = 	 {},
  OPTaddress = 	 {},
  OPTedition = 	 {},
  OPTmonth = 	 {},
  OPTnote = 	 {},
  OPTannote = 	 {}
}


@Article{Keith,
  author = 	 "K. Dalbey and A.K. Patra and E.B. Pitman and M.I. Bursik and M.F. Sheridan",
  title = 	 "Input uncertainty propagation methods and hazard mapping of geophysical mass flow",
  journal = 	 "Journal of Geophysical Research",
  year = 	 "2008",
  key = 	 "B05203",
  note=           "doi:10.1029/2006JB004471",
  volume = 	 "113",
  number = 	 " ",
  pages = 	 "5203-5219",
  OPTmonth = 	 {},
  OPTnote = 	 {},
  OPTannote = 	 {}
}


@Article{Galas2007,
  author =	 {S. Galas and K. Dalbey and D. Kumar and A.K. Patra
                  and M. Sheridan},
  title =	 {Benchmarking TITAN2D mass flow model against a sand
                  flow experiment and the 1903 Frank slide},
  journal =	 {The 2007 International Forum on Landslide Disaster
                  Management},
  year =	 {2007},
  key =		 {ISBN 978-962-7619-30-7},
  volume =	 {Ho \& Li editors},
  OPTnumber =	 {},
  OPTpages =	 {},
  OPTmonth =	 {},
  OPTnote =	 {},
  OPTannote =	 {}
}

@PhdThesis{Namikawa2006,
  author = 	 {L.M. Namikawa},
  title = 	 {Multiple represenatations of elevation for dynamic process modeling},
  school = 	 {University at Buffalo},
  year = 	 {2006},
  OPTkey = 	 {},
  OPTtype = 	 {},
  OPTaddress = 	 {},
  OPTmonth = 	 {},
  OPTnote = 	 {},
  OPTannote = 	 {}
}

@article{Denlinger2001,
   author = {R.P. Denlinger and R.M. Iverson},
    title = {Flow of variably fluidized granular masses across three-dimensional terrain 2. Numerical predictions and experimental tests},
  journal = {Journal of Geophysical Research},
     year = 2001,
   volume = 106,
    pages = {553-566},
      doi = {10.1029/2000JB900330},
   adsurl = {http://adsabs.harvard.edu/abs/2001JGR...106..553D},
  adsnote = {Provided by the Smithsonian/NASA Astrophysics Data System}
}

