@InProceedings{stefanescu2,
  AUTHOR =	 "Stefanescu, E.R. and Bursik, M. and Dalbey, K. and
                  Jones, M. and Patra, A.K. and Pitman, E.B.",
  BOOKTITLE =	 "International Congress on Environmental
                  Modelling and Software",
  TITLE =	 "{DEM} uncertainty and hazard analysis using a
                  geophysical flow model",
  YEAR =	 "2010"
}
@InProceedings{stefanescu1,
  AUTHOR =	 "Stefanescu, E.R. and Bursik, M. and Cordoba, G. and
                  Patra, A.K. and Pieri, D.C. and Sheridan. M.F.",
  BOOKTITLE =	 "International Congress on Environmental
                  Modelling and Software",
  TITLE =	 "Impact of {DEM} uncertainty on {TITAN2D} flow model output, {G}aleras
  	{V}olcano, Colombia",
  YEAR =	 "2010"
}
@Article{ Sheridan2010,
	AUTHOR = "Sheridan, M.F. and Patra, A.K. and Dalbey, K. and Hubbard, B",
	JOURNAL = " in Groppelli G. and Viereck-Goette,  L., editors, Stratigraphy and Geology of Volcanic Areas , Geological Society of America Special Paper",
	KEY = " doi: 10.1130/2010.2464(14)",
	PAGES = "281-291",
	TITLE = "Probabilistic digital hazard maps for avalanches and massive pyroclastic flows using TITAN2D",
	VOLUME = "464",
	YEAR = "2010"
}
@Article{ bayarriusc,
	AUTHOR = "Bayarri, M.J. and Berger, J.O. and Calder,  E. and Dalbey, K. and Lunagomez,  S. and Patra, A.K. and Pitman, E.B. and Spiller, E.T.  and Wolper, R.L.",
	JOURNAL = "to appear Technometrics",
	TITLE = "Using statistical and computer models to quantify volcanic hazards",
	YEAR = "2010"
}
@Article{MangeneyCastelnauetal2004,
  author = 	 {E. Lajeunesse and A. Mangeney-Castelnau and J.P. Vilotte},
  title = 	 {Spreading of a granular mass on a horizontal plane },
  journal = 	 {Physics of Fluids},
  year = 	 {2004},
  OPTkey = 	 {doi: 10.1063/1.1736611},
  volume = 	 {16},
  OPTnumber = 	 {7},
  pages = 	 {2371-2381},
  OPTmonth = 	 {},
  OPTnote = 	 {},
  OPTannote = 	 {}
}
@Article{ Lubeetal2005,
	AUTHOR = "G. Lube and H.E. Huppert and R. Stephen and J. Sparks and A. Freundt",
	JOURNAL = "Physical Review",
	KEY = "041301",
	PAGES = "",
	TITLE = " Collapses of two-dimensional granular columns",
	VOLUME = "72",
	YEAR = "2005"
}

@Article{ Proctor2010,
	AUTHOR = "Procter,  J.N. and Cronin, S.J. and Fuller, I.C. and M. Sheridan, M.F. and Neall, V.E. and Keys, H.",
	JOURNAL = "Geomorphology",
	KEY = "doi:10.1016/j.geomorph.2009.10.016",
	PAGES = "162-174",
	TITLE = " Lahar hazard assessment using {TITAN2D} for an alluvial fan with rapidly changing geomorphology: {W}hangaehu {R}iver, {M}t. {R}uapehu",
	VOLUME = "116(1-2)",
	YEAR = "2010"
}
@Article{Kamada2009,
  author = 	 {M. Kamada and R. Enkhbat},
  title = 	 {Spline {I}nterpolation in {P}iecewise {C}onstant {T}ension },
  journal = 	 {SAMPTA},
  year = 	 {2009},
  OPTkey = 	 {},
  volume = 	 {},
  OPTnumber = 	 {},
  pages = 	 {},
  OPTmonth = 	 {},
  OPTnote = 	 {},
  OPTannote = 	 {}
}

@Article{Kvasov20011,
  author = 	 {B. Kvasov},
  title = 	 {Parallel mesh methods for tension splines},
  journal = 	 {Journal of Computational and Applied Mathematics},
  year = 	 {2011},
  OPTkey = 	 {doi:10.1016/j.cam.2011.05.019},
  volume = 	 {},
  OPTnumber = 	 {},
  pages = 	 {},
  OPTmonth = 	 {},
  OPTnote = 	 {},
  OPTannote = 	 {}
}

@Article{Mitasova1993,
  author = 	 {H. Mitasova and J. Hofierka},
  title = 	 {Interpolation  by  {R}egularized  {S}pline  with  {T}ension: 
II. { A}pplication  to  {T}errain {M}odeling  and  {S}urface 
{G}eometry  {A}nalysis},
  journal = 	 {International Association for Mathematical Geology},
  year = 	 {1993},
  OPTkey = 	 {0882-8121/93/0800-0657507.00/I},
  volume = 	 {25},
  OPTnumber = 	 {6},
  pages = 	 {},
  OPTmonth = 	 {},
  OPTnote = 	 {},
  OPTannote = 	 {}
}

@Article{Lopes2007,
  author = 	 {R.H.C Lopes and I. Reid and P.R. Hobson},
  title = 	 {The two-dimensional {K}olmogrov - {S}mirnov test },
  journal = 	 {XI International Workshop on Advanced Computing and Analysis Techniques in Physics Research},
  year = 	 {2007},
  OPTkey = 	 {},
  volume = 	 {},
  OPTnumber = 	 {},
  pages = 	 {},
  OPTmonth = 	 {},
  OPTnote = 	 {},
  OPTannote = 	 {}
}

@Article{Barr1973,
  author = 	 {D. Barr and T. Davidson},
  title = 	 {A {K}olmogrov-{S}mirnov {T}est for {C}ensored {S}amples},
  journal = 	 {Technometrics},
  year = 	 {1973},
  OPTkey = 	 {4},
  volume = 	 {15},
  OPTnumber = 	 {},
  pages = 	 {},
  OPTmonth = 	 {},
  OPTnote = 	 {},
  OPTannote = 	 {}
}

@Article{Cebecauer2002,
  author = 	 {T. Cebecauer and J. Hofierka and Marcel Suri},
  title = 	 {Processing digital terrain models by regularized spline
with tension: tuning interpolation parameters for
different input datasets},
  journal = 	 {Proceeding of Open source GIS - GRASS users conference},
  year = 	 {2002},
  OPTkey = 	 {},
  volume = 	 {},
  OPTnumber = 	 {11-13},
  pages = 	 {},
  OPTmonth = 	 {},
  OPTnote = 	 {},
  OPTannote = 	 {}
}

@Article{Lane2004,
  author = 	 {S.N. Lane and C.J. Brookes and M.J. Kirkby and J. Holden},
  title = 	 {A network-index-based version of {TOPMODEL} for use with
high-resolution digital topographic data},
  journal = 	 {Hydrological Processes},
  year = 	 {2004},
  OPTkey = 	 {DOI: 10.1002/hyp.5208},
  volume = 	 {18},
  OPTnumber = 	 {191-201},
  pages = 	 {},
  OPTmonth = 	 {},
  OPTnote = 	 {},
  OPTannote = 	 {}
}

@Article{Xiao2010,
  author = 	 {L.L. Xiao and H.B. Liu and X.G. Zhao},
  title = 	 {Impact of Digital Elevation Model Resolution on
Stream Network Parameters},
  journal = 	 {2nd Conference of Environmental Science and Information Application Technology},
  year = 	 {2010},
  OPTkey = 	 {},
  volume = 	 {},
  OPTnumber = 	 {},
  pages = 	 {},
  OPTmonth = 	 {},
  OPTnote = 	 {},
  OPTannote = 	 {}
}

@Article{Binh2008,
  author = 	 {T.Q. Binh and N.T. Thuy},
  title = 	 {Assessment of the influence of interpolation techniques
on the accuracy of digital elevation model},
  journal = 	 {VNU Journal of Science, Earth Sciences},
  year = 	 {2008},
  OPTkey = 	 {978-1-4244-7388-5/10},
  volume = 	 {24},
  OPTnumber = 	 {},
  pages = 	 {176-183},
  OPTmonth = 	 {},
  OPTnote = 	 {},
  OPTannote = 	 {}
}
@Article{Florinsky1998,
  author = 	 {I.V. Florinsky},
  title = 	 {Combined analysis of digital terrain models and remotely sensed data in
           landscape investigations},
  journal = 	 {Physical Geography},
  year = 	 {1998},
  OPTkey = 	 {DOI: 10.1177/030913339802200102},
  volume = 	 {22},
  OPTnumber = 	 {33},
  pages = 	 {},
  OPTmonth = 	 {},
  OPTnote = 	 {},
  OPTannote = 	 {}
}
@Article{Capra2011,
  author = 	 {L. Capra and V.C. Manea and M. Manea and G. Norini},
  title = 	 {The importance of digital elevation model resolution on granular
                flow simulations: a test case for {C}olima volcano using {TITAN2D} 
                computational routine},
  journal = 	 {Nat Hazards},
  year = 	 {2011},
  OPTkey = 	 {DOI 10.1007/s11069-011-9788-6},
  volume = 	 {59},
  OPTnumber = 	 {},
  pages = 	 {665-680},
  OPTmonth = 	 {},
  OPTnote = 	 {},
  OPTannote = 	 {}
}

@Article{Jenson,
  author = 	 {S.K. Jenson and J.O. Dominque},
  title = 	 {{E}xtracting {T}opographic {S}tructure from {D}igital {E}levation {D}ata 
  for {G}eographic {I}nformation {S}ystem {A}nalysis},
  journal = 	 {Photogrammetric Engineering and Remote Sensing},
  year = 	 {1988},
  OPTkey = 	 {},
  volume = 	 {54},
  OPTnumber = 	 {11},
  pages = 	 {1593-1600},
  OPTmonth = 	 {},
  OPTnote = 	 {},
  OPTannote = 	 {}
}

@Article{Tate,
  author = 	 {P. Fisher and N.J. Tate},
  title = 	 {Causes and consequences of error in digital elevation models},
  journal = 	 {Progress in Physical Geography },
  year = 	 {2006},
  OPTkey = 	 {},
  volume = 	 {30},
  OPTnumber = 	 {},
  pages = 	 {467-489},
  OPTmonth = 	 {},
  OPTnote = 	 {},
  OPTannote = 	 {}
}

@Article{Stevens,
  author = 	 {N.F. Stevens and V. Manville and D.W. Heron},
  title = 	 {The sensitivity of a volcanic flow model to digital elevation model accuracy: experiments with
  digitised map contours and interferometric SAR at {R}uapehu and {T}aranaki volvanoes, {N}ew {Z}ealand.},
  journal = 	 {Journal of Volcanology and Geothermal Research },
  year = 	 {2006},
  OPTkey = 	 {},
  volume = 	 {119},
  OPTnumber = 	 {},
  pages = 	 {89-105},
  OPTmonth = 	 {},
  OPTnote = 	 {},
  OPTannote = 	 {}
}

@Article{Congalton,
  author = 	 {R.G. Congalton},
  title = 	 {{T}hematic and {P}ositional {A}ccuracy {A}ssrssment of
  {D}igital {R}emotely {S}ensed {D}ata.},
  journal = 	 {Proceedings of the Seventh Annual Forest Inventory
  and Analysis Symposim },
  year = 	 {2005},
  OPTkey = 	 {},
  volume = 	 {},
  OPTnumber = 	 {},
  pages = 	 {},
  OPTmonth = 	 {},
  OPTnote = 	 {},
  OPTannote = 	 {}
}

@Article{Bates2000,
  author = 	 {P.D. Bates and A.P.J. De Roo},
  title = 	 {A simple raster-based model for flood inundation simulation},
  journal = 	 {Journal of Hydrology},
  year = 	 {2000},
  OPTkey = 	 {},
  volume = 	 {236},
  OPTnumber = 	 {},
  pages = 	 {54-77},
  OPTmonth = 	 {},
  OPTnote = 	 {},
  OPTannote = 	 {}
}

@Article{Biswas2008,
  author = 	 {S. Biswas and S. Ahmad and M.K.I. Molla and K. Hirose and M. Nasser},
  title = 	 {{K}olomogrov-{S}mirnov {T}est in {T}ext-{D}ependent {A}utomatic {S}peaker {I}dentification},
  journal = 	 {Engineering Letter},
  year = 	 {2008},
  key = 	 {16:4 $EL\_16\_4\_01$},
  OPTvolume = 	 {},
  OPTnumber = 	 {},
  OPTpages = 	 {},
  OPTmonth = 	 {},
  OPTnote = 	 {},
  OPTannote = 	 {}
}

@Article{Zhang1994,
  author = 	 {W.H. Zhang and D.R. Montgomery},
  title = 	 {Digital elevation model grid size, landscape representation and hydrologic simulations},
  journal = 	 {Water Resources Research},
  year = 	 {1994},
  OPTkey = 	 {},
  volume = 	 {30},
  number = 	 {4},
  pages = 	 {1019-1028},
  OPTmonth = 	 {},
  OPTnote = 	 {},
  OPTannote = 	 {}
}



@Article{Wolock1994,
  author = 	 {D.M. Wolock and C.V. Price},
  title = 	 {Effects of digital elevation model map scale and data resolution on a topography-based watershed model},
  journal = 	 {Water Resources Research},
  year = 	 {1994},
  OPTkey = 	 {},
  volume = 	 {30},
  number = 	 {11},
  pages = 	 {3041-3052},
  OPTmonth = 	 {},
  OPTnote = 	 {},
  OPTannote = 	 {}
}


@Article{Chanbey2005,
  author = 	 {I. Chanbey and A.S. Cotter and T.A. Costello and T.S. Soerens},
  title = 	 {Effect of {DEM} data resolution on {SWAT} output uncertainty},
  journal = 	 {Hydrological Processes},
  year = 	 {2005},
  OPTkey = 	 {},
  volume = 	 {19},
  number = 	 {3},
  pages = 	 {621-628},
  OPTmonth = 	 {},
  OPTnote = 	 {},
  OPTannote = 	 {}
}


@Article{Zhang2008,
  author = 	 {J.X. Zhang and  K.T. Chang and J.Q. Wu},
  title = 	 {Effects of {DEM} resolution and source on soil erosion modelling: a case study using the {WEPP} model},
  journal = 	 {International Journal of Geographical Information Science},
  year = 	 {2008},
  OPTkey = 	 {},
  volume = 	 {22},
  number = 	 {8},
  pages = 	 {925-942},
  OPTmonth = 	 {},
  OPTnote = 	 {},
  OPTannote = 	 {}
}

@PhdThesis{Cochrane1999,
  author = 	 {T.A. Cochrane},
  title = 	 {Methodologies for watershed modeling with {GIS} and {DEM}s for the parametrization of the {WEPP} model},
  school = 	 {Purdue University},
  year = 	 {1999},
  OPTkey = 	 {},
  OPTtype = 	 {},
  OPTaddress = 	 {},
  OPTmonth = 	 {},
  OPTnote = 	 {},
  OPTannote = 	 {}
}


@Article{Mitasova1996,
  author = 	 {H. Mitasova and J.Hofierka and M. Zlocha and L.R. Iverson},
  title = 	 {Modeling topographic potential for erosion and deposition using {GIS}},
  journal = 	 {International Journal of Geographical Information Systems},
  year = 	 {1996},
  OPTkey = 	 {},
  volume = 	 {10},
  OPTnumber = 	 {},
  pages = 	 {629-641},
  OPTmonth = 	 {},
  OPTnote = 	 {},
  OPTannote = 	 {}
}


@Article{Desmet1997,
  author = 	 {P.J.J. Desmet and G. Grovers},
  title = 	 {Comment on Modeling topographic potential for erosion and deposition using {GIS}},
  journal = 	 {International Journal of Geographical Information Systems},
  year = 	 {1997},
  OPTkey = 	 {},
  volume = 	 {11},
  OPTnumber = 	 {},
  pages = 	 {603-610},
  OPTmonth = 	 {},
  OPTnote = 	 {},
  OPTannote = 	 {}
}



@Article{Wise2007,
  author = 	 {S.M. Wise},
  title = 	 {Effect of differing {DEM} creation methods on the results from a hydrological model},
  journal = 	 {Computers \& Geosciences},
  year = 	 {2007},
  OPTkey = 	 {},
  volume = 	 {33},
  number = 	 {1351-1365},
  OPTpages = 	 {},
  OPTmonth = 	 {},
  OPTnote = 	 {},
  OPTannote = 	 {}
}



@Article{Patra2005,
  author = 	 {A.K. Patra and A.C. Bauer and C.C. Nichita and E.B. Pitman and M.F. Sheridan 
and M. Bursik and B. Rupp and A. Webber and A.J. Stinton and L.M. Namikawa and C.S. Renschler },
  title = 	 {Parallel adaptive numerical simulation of dry avalanches over natural terrain},
  journal = 	 {Journal of Volcanology and Geothermal Research},
  year = 	 {2005},
  OPTkey = 	 {},
  volume = 	 {139},
  OPTnumber = 	 {},
  pages = 	 {1-21},
  OPTmonth = 	 {},
  OPTnote = 	 {},
  OPTannote = 	 {}
}


@TechReport{Farr2007,
  author = 	 {T.G. Farr and P.A. Rosen and E. Caro and R. Crippen and R. Duren and S. Hensley
and  M. Kobrick},
  title = 	 {The {S}huttle {R}adar {T}opography {M}ission},
  institution =  {Jet Propulsion Laboratory},
  year = 	 {2007},
  OPTkey = 	 {},
  OPTtype = 	 {},
  OPTaddress = 	 {},
  OPTmonth = 	 {},
  OPTnote = 	 {},
  OPTannote = 	 {}
}



@Article{Abrams2000,
  author = 	 {M. Abrams},
  title = 	 {The {A}dvanced {S}paceborne {T}hermal {E}mission and {R}eflection {R}adiometer ({ASTER}):
{D}ata {P}roducts for the {H}igh {S}patial {R}esolution {I}mager on {NASA}s {T}erra {P}latform},
  journal = 	 {International Journal of Remote Sensing},
  year = 	 {2000},
  OPTkey = 	 {},
  volume = 	 {21},
  number = 	 {847-859},
  OPTpages = 	 {},
  OPTmonth = 	 {},
  OPTnote = 	 {},
  OPTannote = 	 {}
}


@Article{Fujisada2005,
  author = 	 {H. Fujisada and G.B. Bailey and G.G. Kelly and S. Hara and M.J. Abrams},
  title = 	 {{ASTER DEM} Performance},
  journal = 	 {IEEE Transactions on Geoscience and Remote Sensing},
  year = 	 {2005},
  OPTkey = 	 {},
  volume = 	 {43},
  number = 	 {12},
  OPTpages = 	 {},
  OPTmonth = 	 {},
  OPTnote = 	 {},
  OPTannote = 	 {}
}


@Article{Goncalves2004,
  author = 	 {J.A. Goncalves and A.M. Oliveira},
  title = 	 {Accuracy {A}nalysis of {DEM}s derived from {ASTER} imagery},
  journal = 	 {ISPRS XX},
  year = 	 {2004},
  OPTkey = 	 {},
  OPTvolume = 	 {},
  OPTnumber = 	 {},
  OPTpages = 	 {},
  OPTmonth = 	 {},
  note = 	 {Istanbul, Turkey},
  OPTannote = 	 {}
}



@MastersThesis{Shaffer2006,
  author = 	 {W. J. Shaffer},
  title = 	 {Evaluation of the {S}huttle {R}adar {T}opography {M}ission digital elevation model 
and application to the modeling of permanent deformation },
  school = 	 {State University of New York at Buffalo},
  year = 	 {2006},
  OPTkey = 	 {},
  OPTtype = 	 {},
  OPTaddress = 	 {},
  OPTmonth = 	 {},
  OPTnote = 	 {},
  OPTannote = 	 {}
}



@Article{Mouginis-Mark2005,
  author = 	 {P.J. Mouginis-Mark and H. Garbeil},
  title = 	 {Quality of {TOPSAR} topographic data for volcanology studies at {K}ilauea {V}olcano, 
{H}awaii: {A}n assessment using airborne {L}i{DAR} data},
  journal = 	 {Remote Sensing of Environment},
  year = 	 {2005},
  OPTkey = 	 {},
  volume = 	 {96},
  OPTnumber = 	 {},
  pages = 	 {149-164},
  OPTmonth = 	 {},
  OPTnote = 	 {},
  OPTannote = 	 {}
}



@Article{Hooper2003,
  author = 	 {D.M. Hooper and M.I. Bursik and F.H. Webb},
  title = 	 {Application of high-resolution, interferometric {DEM}s to geomorphic studies of fault scarps, {F}ish {L}ake {V}alley, {N}evada-{C}alifornia, {USA}},
  journal = 	 {Remote Sensing of Environment},
  year = 	 {2003},
  OPTkey = 	 {},
  volume = 	 {84},
  number = 	 {2},
  pages = 	 {255-267},
  OPTmonth = 	 {},
  OPTnote = 	 {},
  OPTannote = 	 {}
}


@Book{Bailey1989,
  author = 	 {R.A. Bailey},
  title = 	 {Geologic {M}ap of {L}ong {V}alley {C}aldera, {M}ono-{I}nyo {C}raters
{V}olcanic {C}hain and {V}icinity, {E}astern {C}alifornia},
  publisher = 	 {Department of the Interior, Reston, VA (US)},
  year = 	 {1989},
  key = 	 {OSTI ID:5630570},
  OPTvolume = 	 {},
  OPTnumber = 	 {},
  OPTseries = 	 {},
  OPTaddress = 	 {},
  OPTedition = 	 {},
  OPTmonth = 	 {},
  OPTnote = 	 {},
  OPTannote = 	 {}
}



@MastersThesis{Burkett2007,
  author = 	 {S.M. Burkett},
  title = 	 {Geomorphic {M}apping and {P}etrography of {M}ammoth {M}ountain,
{C}alifornia},
  school = 	 {State University of New York at Buffalo},
  year = 	 {2007},
  OPTkey = 	 {},
  OPTtype = 	 {},
  OPTaddress = 	 {},
  OPTmonth = 	 {},
  OPTnote = 	 {},
  OPTannote = 	 {}
}



@Article{Farrar1995,
  author = 	 {C.D. Farrar},
  title = 	 {Forest-killing diffuse $CO_2$ emission at {M}ammoth {M}ountain as a sign of 
magmatic unrest},
  journal = 	 {Nature},
  year = 	 {1995},
  OPTkey = 	 {},
  volume = 	 {376},
  OPTnumber = 	 {},
  pages = 	 {675},
  OPTmonth = 	 {},
  OPTnote = 	 {},
  OPTannote = 	 {}
}



@Article{Savage1989,
  author = 	 {S.B. Savage and K. Hutter},
  title = 	 {The motion of a finite mass of granular material down a rough incline},
  journal = 	 {Journal of Fluid Mechanics},
  year = 	 {1989},
  OPTkey = 	 {},
  volume = 	 {199},
  OPTnumber = 	 {},
  pages = 	 {177-215},
  OPTmonth = 	 {},
  OPTnote = 	 {},
  OPTannote = 	 {}
}



@Article{Takahashi2000,
  author = 	 {T. Takahashi and H. Tsujimoto},
  title = 	 {A mechanical model for {M}erapi-type pyroclastic flow},
  journal = 	 {Journal of Volcanology and Geothermal Research },
  year = 	 {2000},
  OPTkey = 	 {},
  volume = 	 {98},
  OPTnumber = 	 {},
  pages = 	 {91-115},
  OPTmonth = 	 {},
  OPTnote = 	 {},
  OPTannote = 	 {}
}




@Book{Lillesand2000,
  author = 	 {T.M. Lillesand and R.W. Keifer},
  OPTeditor = 	 {},
  title = 	 {Remote sensing and image interpretation},
  publisher = 	 {New York, NY: Wiley},
  year = 	 {2000},
  OPTkey = 	 {},
  OPTvolume = 	 {},
  OPTnumber = 	 {},
  OPTseries = 	 {},
  OPTaddress = 	 {},
  edition = 	 {4},
  OPTmonth = 	 {},
  OPTnote = 	 {},
  OPTannote = 	 {}
}

@Book{Legorreta2009,
  author = 	 {G.Legorreta-Paulin and M.I. Bursik},
  OPTALTeditor = 	 {},
  title = 	 {Assessment of {L}andslides {S}usceptibility},
  publisher = 	 {VDM and Co. KG, Saarbrucken, Germany},
  year = 	 {2009},
  OPTkey = 	 {},
  OPTvolume = 	 {},
  OPTnumber = 	 {},
  OPTseries = 	 {},
  OPTaddress = 	 {},
  OPTedition = 	 {},
  OPTmonth = 	 {},
  OPTnote = 	 {},
  OPTannote = 	 {}
}


@Article{Keith,
  author = 	 {K. Dalbey and A.K. Patra and E.B. Pitman and M.I. Bursik and M.F. Sheridan},
  title = 	 {Input uncertainty propagation methods and hazard mapping of geophysical mass flow},
  journal = 	 {Journal of Geophysical Research},
  year = 	 {2008},
  key = 	 {B05203},
  doi=           {10.1029/2006JB004471},
  volume = 	 {113},
  OPTnumber = 	 {},
  OPTpages = 	 {},
  OPTmonth = 	 {},
  OPTnote = 	 {},
  OPTannote = 	 {}
}


@Article{Galas2007,
  author = 	 {S. Galas and K. Dalbey and D. Kumar and A.K. Patra and M. Sheridan},
  title = 	 {Benchmarking {TITAN2D} mass flow model against a sand flow experiment and the 1903 {F}rank slide},
  journal = 	 {The 2007 International Forum on Landslide Disaster Management},
  year = 	 {2007},
  key = 	 {ISBN 978-962-7619-30-7},
  volume = 	 {Ho \& Li editors},
  OPTnumber = 	 {},
  OPTpages = 	 {},
  OPTmonth = 	 {},
  OPTnote = 	 {},
  OPTannote = 	 {}
}

@PhdThesis{Namikawa2006,
  author = 	 {L.M. Namikawa},
  title = 	 {Multiple represenatations of elevation for dynamic process modeling},
  school = 	 {University at Buffalo},
  year = 	 {2006},
  OPTkey = 	 {},
  OPTtype = 	 {},
  OPTaddress = 	 {},
  OPTmonth = 	 {},
  OPTnote = 	 {},
  OPTannote = 	 {}
}

@article{Denlinger2001,
   author = {R.P. Denlinger and R.M. Iverson},
    title = {Flow of variably fluidized granular masses across three-dimensional terrain 2. {N}umerical predictions and experimental tests},
  journal = {Journal of Geophysical Research},
     year = 2001,
   volume = 106,
    pages = {553-566},
      doi = {10.1029/2000JB900330},
   adsurl = {http://adsabs.harvard.edu/abs/2001JGR...106..553D},
  adsnote = {Provided by the Smithsonian/NASA Astrophysics Data System}
}




